4733 5844
3918 467 4019 552 m

658 614 955 729 natam
997 626 1657 724 animadversiones
1695 600 2011 743 amplius
2053 602 2359 720 extendi
2409 600 2729 744 primum
2772 626 2940 742 ejus
2968 627 3250 745 Caput3
3321 643 3560 744 quod,
3623 665 3796 724 cum
3832 645 4006 743 fun·

695 754 1048 870 {lamenta
1092 786 1441 864 exhibeat
1485 786 1721 865 totius
1759 782 2165 883 systematis
2206 784 2657 861 calculorum
2704 768 3185 885 superiorum,
3230 786 3598 887 praecipua
3625 809 3803 865 cura
3835 797 4004 866 erat

692 930 1176 1008 trastandum.
1297 892 1702 1028 speciatim
1756 927 1964 1003 notio
2013 927 2269 1003 limitis
2323 924 2601 1004 ibidem
2652 925 2928 1003 tradita
2979 927 3201 1003 nimis
3255 938 3417 1002 erat
3460 925 3805 1023 angusta,
3874 929 3989 1018 ὅς,

688 1080 777 1147 ut
814 1089 1074 1147 omnes
1126 1066 1727 1169 complecteretur
1760 1067 2000 1158 msus,
2055 1068 2408 1156 debebat,
2453 1064 2569 1141 uti
2601 1088 2798 1141 nunc
2851 1067 2939 1143 fit
2983 1062 3067 1169 §.
3116 1092 3242 1166 13,
3292 1066 3617 1145 extendi.

874 1236 989 1311 Ita
1037 1233 1310 1312 fastum
1347 1232 1486 1323 est,
1551 1243 1640 1308 ut
1677 1231 1922 1335 Caput
1964 1232 2109 1309 hoc
2142 1192 2693 1309 fundamentale
2738 1242 3221 1328 augmentum
3274 1228 3446 1308 satis
3488 1229 3765 1330 insigne
3806 1258 3990 1313 nan·

683 1373 1108 1470 cisceretur3
1181 1397 1423 1473 neque
1484 1374 1850 1450 rationem
1899 1369 2319 1451 habendam
2371 1369 2510 1447 esse
2556 1370 2966 1448 existimavi
3008 1345 3330 1448 censurae
3366 1368 3805 1471 prolixitatis
3849 1374 3987 1453 ho⁴

681 1538 850 1593 rum
887 1512 1518 1615 praelinunarium.
1620 1512 1841 1591 Adeo
1885 1508 2294 1615 persuasum
2331 1510 2608 1602 habeo,
2658 1512 3009 1612 principia
3055 1494 3504 1599 calculorum
3536 1510 3982 1613 superiorum

676 1654 944 1732 debere
984 1655 1081 1730 ad
1122 1653 1564 1734 methodum
1608 1650 1933 1730 limitum
1984 1649 2277 1740 reduci,
2345 1672 2484 1728 nec
2526 1650 2716 1754 posse
2771 1651 2917 1728 alio
2957 1651 3179 1729 modo
3210 1650 3440 1728 -solide
3495 1652 3791 1734 stabiliri
3807 1681 3829 1752 3
3894 1671 3983 1738 ut

670 1782 1143 1872 necessarium
1201 1793 1342 1872 effe
1398 1795 1813 1895 putaverim
1841 1849 1863 1884 ‚
1938 1790 2380 1873 methodum
2430 1791 2634 1871 iliam
2691 1793 2771 1872 in
2827 1792 3144 1871 formam
3211 1792 3557 1870 dostrinae
3616 1799 3974 1897 redigere.

671 1934 857 2023 Quae
900 1957 1071 2012 cum
1086 1991 1108 2024 ,
1159 1957 1331 2014 mea
1360 1935 1662 2036 quidem
1698 1933 2091 2025 sententia,
2139 1944 2432 2033 partem
2469 1908 2906 2012 constituere
2929 1931 3217 2053 ¹debeat
3260 1934 3529 2011 Cursus
3566 1938 3976 2021 matheseos
4121 1934 4128 1941 ’

663 2073 1133 2153 elementaris
1149 2133 1171 2166 ,
1221 2100 1347 2167 eo,
1396 2099 1545 2175 quo
1594 2088 1921 2179 oportet,
1969 2078 2213 2183 rigore
2257 2074 2337 2153 &
2381 2074 2668 2154 ambitu
2706 2072 3125 2160 concinnati
3139 2063 3163 2167 ’ς
3232 2075 3762 2174 supersediffem
3800 2080 3998 2157 huic

664 2237 946 2315 operae,
1009 2214 1064 2292 fi
1108 2217 1351 2317 quem'
1379 2218 1689 2311 noss'em,
1749 2221 1850 2297 ad
1905 2238 2128 2316 quem
2168 2216 2548 2293 remittere
2598 2211 3001 2314 potuiffem.
3121 2214 3474 2292 Ceterum
3511 2220 3976 2316 ,comparatio

658 2366 951 2435 attenta
998 2359 1332 2448 docebit,
1378 2359 1656 2437 nullam
1706 2359 1786 2437 in
1835 2359 2097 2458 Capite
2140 2358 2316 2446 hoc,
2368 2368 2541 2434 utut
2580 2354 2864 2456 amplo,
2914 2354 3110 2433 tradi
3149 2357 3743 2458 propositionem,
3793 2359 3973 2457 quin

657 2494 758 2571 ad
802 2496 1328 2597 applicationes
1367 2504 1753 2604 sequentes
1796 2498 2185 2578 necessaria
2233 2497 2344 2577 fit.

848 2660 1228 2743 Defiderio
1274 2666 1421 2746 solo
1464 2666 1647 2747 utile
1695 2667 1877 2768 quid
1925 2662 2315 2766 praestandi
2362 2674 2616 2742 motus
2656 2687 2807 2742 non
2846 2661 3243 2743 reformido
3293 2662 3964 2762 reprehensionem3

656 2805 856 2901 quod
888 2803 1249 2882 sententia
1268 2861 1290 2896 ,
1344 2828 1570 2906 quam
1620 2806 1961 2896 sustineo,
2024 2829 2218 2884 nova
2257 2829 2409 2881 non
2449 2804 2573 2894 fit,
2623 2804 2747 2881 sed
2797 2806 2890 2883 ab
2945 2804 3165 2881 variis
3207 2802 3365 2901 jam
3414 2804 3964 2880 mathematicis

660 2944 1046 3046 qropofita.
1165 2948 1457 3023 Gnarus
1503 2946 1932 3047 scriptorum
1996 2945 2633 3024 n'AmmnERru
2662 3002 2684 3035 ,
2748 2949 3148 3036 Cousmr,
3211 2944 3659 3022 Kmnnm
3680 3001 3701 3033 ‚
3754 2945 3963 3022 Kan-

659 3106 1015 3176 snum,
1066 3086 1767 3177 Tnmnmorru,
1816 3087 2360 3178 Pasomcmr,
2427 3075 2827 3188 praesertim
2883 3087 3461 3166 dissertationum
3498 3087 3966 3184 egregiarum

655 3223 1106 3314 Ronmsu,
1158 3224 1237 3300 &
1285 3227 1638 3304 trattatus
1692 3228 1897 3305 solidi
1930 3230 2478 3305 MAcrAumm
2511 3285 2532 3317 ‚
2596 3230 2676 3304 in
2720 3230 3048 3305 animum
3088 3227 3291 3304 haud
3330 3227 3764 3304 induxissem
3804 3251 3964 3304 me·

658 3359 1061 3434 ditationes
1102 3382 1311 3435 meas
1350 3363 1443 3435 de
1485 3364 1716 3440 arduo
1766 3367 1908 3440 hoc
1952 3365 2235 3462 objecto
2270 3369 2560 3466 publice
2601 3393 3010 3467 exponere3
3061 3368 3191 3485 nisi
3235 3367 3534 3466 quaestio
3575 3371 3667 3445 ab
3711 3369 3961 3445 Socie-

647 3511 807 3577 tate
865 3497 1189 3578 literaria
1243 3499 1431 3576 adeo
1476 3501 1730 3576 illustri
1782 3497 2247 3601 promulgata
2302 3506 2791 3580 attentionem
2850 3528 3095 3580 meam
3136 3505 3509 3582 excitasset
3534 3562 3556 3595 ,
3628 3507 3959 3605 mihique

645 3637 1087 3741 persuasisset
1106 3697 1127 3731 ,
1179 3661 1348 3741 quae
1396 3638 1552 3740 jam
1597 3639 1918 3740 praestita
1953 3638 2132 3730 smt,
2198 3642 2532 3718 nondum
2566 3643 2913 3722 omnibus
2960 3641 3332 3719 desideriis
3374 3645 3782 3724 satisfacere
3826 3645 3957 3747 ipfi
4104 3682 4108 3686 ·

653 3783 921 3863 videri.
2859 3798 2878 3807 '
3293 3753 3320 3776 κ’

742 4027 747 4030 ,
846 3940 1181 4019 Dubium
1221 3964 1373 4018 non
1412 3939 1552 4055 est,
1618 3937 1799 4036 quin
1844 3938 2327 4022 Nzwromrs
2389 3941 2752 4022 doetrinas
2791 3941 2953 4020 suas
2999 3942 3266 4022 iisdem
3304 3948 3672 4048 principiis
3718 3949 3962 4048 super-

649 4083 922 4161 struere
942 4140 964 4173 ,
1014 4079 1387 4182 speciatim
1442 4099 1574 4180 per
1612 4078 1935 4155 rationes
1981 4083 2256 4182 primas
2295 4084 2376 4163 &
2419 4087 2722 4162 ultimas
2737 4142 2757 4175 ,
2783 4093 2967 4163 tam
3001 4085 3423 4183 frequenter
3461 4090 3541 4165 in
3577 4087 3959 4188 Principiis

661 4223 809 4326 suis
863 4221 1238 4319 usurpatas
1256 4278 1276 4309 ,
1352 4222 1629 4298 limites
1685 4221 2054 4312 rationum
2098 4223 2415 4322 intelligi
2463 4224 2777 4303 voluerit
2789 4246 2813 4320 ς
2882 4246 3077 4325 (ιιιῐιιἰ
3096 4225 3241 4324 ipse
3283 4227 3362 4303 in
3402 4229 3700 4307 Scholio
3738 4231 3960 4306 Lem-

596 4381 605 4387 ·
648 4363 837 4444 mati
875 4360 1003 4437 XL
1058 4357 1263 4436 Libri
1295 4357 1350 4436 1.
1399 4357 1713 4460 Princip.
1778 4360 2156 4461 subjunsto
2212 4365 2639 4442 monuerit:
2742 4368 2994 4441 Ultim
3054 4368 3329 4438 rationes
3375 4369 3495 4443 511oe
3511 4418 3535 4460 ,
3596 4374 3963 4470 quibuscum

653 4510 1088 4605 „qaas-timu
1123 4498 1516 4596 mundium,
1564 4526 1794 4577 revera
1837 4529 1970 4577 non
1985 4503 2148 4600 sunt
2182 4509 2461 4579 rationes
2498 4510 2921 4603 quantitatum
2970 4508 3378 4594 ultimarum;
3419 4511 3539 4606 fid
3574 4509 3833 4595 limites,
3879 4512 3967 4581 aa

650 4704 693 4741 „
718 4672 878 4747 quos
901 4645 1321 4745 quantitatum
1343 4640 1487 4741 stne
1529 4642 1725 4716 timia
1768 4643 2237 4743 decr-fiennon»
2275 4650 2555 4722 rationes
2580 4643 2836 4745 fimper
2859 4654 3402 4788 appropinquant,
3464 4648 3564 4728 Εἴ
3608 4671 3773 4745 quos
3791 4673 3962 4745 pro

652 4843 696 4885 ,,
706 4795 858 4890 pius
901 4785 1134 4893 «Αἱρεῖ
1166 4782 1419 4889 pqffoeut
1463 4808 1651 4886 quaen
1679 4810 1810 4887 pro
1853 4795 2000 4864 data
2040 4784 2264 4888 quavi}
2303 4789 2688 4887 differentia.

2315 4973 2362 5024 ¹*
2410 4998 2459 5058 2
3599 5061 3606 5064 ,
3692 4976 3965 5067 Quam-
4057 5040 4074 5056 .
