4733 5844
3605 534 3618 541 ,
3753 460 3798 541 7

671 611 800 686 2.⁰
857 603 1024 681 Sint
1053 532 1228 681 ΑΒ,
1285 600 1424 679 CD
1471 599 1745 677 limites
1792 603 2292 698 quantitatum
2324 605 2792 684 mutabilium
2828 608 3405 687 decrescentium
3441 616 3614 707 AX,
3657 619 3796 700 CT.
3867 622 4000 706 Fig.
3999 641 4080 770 .3’

657 750 741 827 Si
781 749 971 833 ratio
1029 749 1230 822 AB.
1242 745 1423 821 CD
1496 768 1639 817 non
1681 741 1769 817 fit
1812 747 2118 846 aequalis
2157 746 2426 821 rationi
2477 746 2672 826 datae
2727 776 2786 821 m
2833 775 2851 825 ε
2898 776 2977 845 ης
3045 752 3285 863 rursus
3332 757 3476 831 erit
3515 781 3600 834 ea
3640 732 3801 841 ma-

469 892 588 995 jor
638 904 770 970 aut
816 892 1075 965 minor.
1232 889 1425 965 Tum
1487 888 1725 986 priore
1782 888 1948 962 casu
2038 889 2228 963 ratio
2283 914 2344 960 m
2391 911 2409 962 t
2460 915 2504 959 n
2555 890 2860 986 aequalis
2910 894 3051 968 erit
3102 894 3368 969 rationi
3417 896 3633 996 ipsius
3661 908 3803 981 AB

470 1037 569 1148 ad
624 1036 945 1131 aliquam
992 1033 1489 1129 quantitatem
1534 1028 1891 1126 majorem
1957 1029 2105 1127 ipsa
2157 1033 2332 1112 cv),-
2446 1032 2677 1107 altero
2743 1032 2908 1107 casu
2973 1035 3161 1108 ratio
3209 1060 3272 1104 m
3320 1060 3337 1110 ε
3395 1046 3440 1108 ἂι
3492 1046 3797 1139 aequalis

466 1179 609 1254 erit
655 1177 921 1252 rationi
975 1172 1290 1272 alicujus
1350 1173 1786 1272 quantitatis
1832 1167 2133 1266 majoris
2194 1173 2341 1273 ipsa
2400 1176 2532 1247 AB
2581 1172 2675 1247 ad
2726 1176 2880 1248 (Ἰ).
3013 1174 3226 1250 Ideo-
3259 1189 3571 1275 utroque
3633 1187 3796 1261 casu

466 1342 662 1397 unus
715 1344 813 1396 ex
859 1315 1221 1395 limitibus
1263 1316 1521 1412 augeri
1568 1315 1911 1401 deberet,
1975 1320 2064 1384 ut
2104 1316 2293 1391 ratio
2346 1315 2577 1415 hujus
2633 1318 2890 1394 limitis
2949 1317 3057 1394 ita
3099 1318 3290 1396 austi
3334 1320 3432 1395 ad
3474 1321 3793 1402 ‘alterum

461 1461 780 1542 limitem
816 1462 1030 1538 fieret
1060 1460 1365 1559 aequalis
1401 1454 1665 1533 rationi
1717 1480 1780 1524 m
1830 1475 1850 1527 ε
1899 1480 1964 1531 n.

536 1599 542 1604 ’
661 1602 779 1679 Sit
811 1603 1060 1701 itaque
1106 1629 1168 1675 m
1218 1627 1236 1676 t
1286 1629 1331 1673 η
1379 1635 1451 1664 =
1501 1598 1639 1671 AB
1690 1617 1710 1668 ε
1758 1582 1916 1669 CD'
1954 1598 2317 1696 (:>CD).
2455 1604 2811 1682 Sumatur
2879 1602 3094 1690 CT<
3122 1588 3276 1681 CD'
3333 1604 3586 1705 (quod
3632 1606 3790 1698 fieri

468 1746 706 1849 potest
736 1768 871 1846 per
909 1744 1171 1846 hyp.):
1235 1745 1337 1823 Et
1386 1742 1473 1819 fit
1606 1765 1651 1812 n
1720 1761 1740 1813 :
1807 1764 1872 1809 m
1969 1773 2043 1803 =
2143 1741 2281 1817 CY
2328 1747 2575 1827 ..AX

1220 1866 1463 1964 Atqui
1599 1891 1646 1936 n
1723 1885 1741 1936 ε
1813 1888 1877 1932 m
1970 1896 2046 1927 =
2146 1857 2304 1941 CD'
2339 1891 2358 1943 τ
2410 1872 2551 1943 AB

1223 1990 1427 2086 Ergo
1572 1986 1733 2062 CY:
1772 1987 1935 2066 AX
1970 2021 2045 2053 =
2141 1985 2296 2059 CD‘
2337 2010 2355 2062 ε
2407 1992 2549 2065 ΑΒ
2615 2046 2618 2049 ,

1229 2111 1383 2188 Sed
1567 2111 1703 2186 CY
1972 2126 2053 2198 <2
2151 2102 2308 2184 CD'
2823 2206 2826 2209 Ι
3373 2204 3374 2207 Ν

1232 2233 1435 2329 Ergo
1758 2233 1924 2311 AX
1978 2246 2056 2319 <5
2381 2233 2553 2322 AB,
2621 2235 3376 2341 contrahypothesin‚·
3440 2263 3612 2320 cum
3643 2243 3782 2328 AB

324 2464 333 2472 .
462 2361 550 2438 fit
591 2361 806 2437 limes
846 2355 1282 2457 quantitatis
1321 2355 1805 2434 decrescentis
1835 2354 1996 2429 AX.
2322 2348 2331 2357 '
2775 2348 2794 2359 ““

655 2501 881 2579 Ratio
936 2500 1166 2597 igitur
1213 2526 1276 2572 m
1325 2522 1344 2573 ε
1395 2524 1443 2569 η
1489 2521 1731 2596 neque
1771 2496 2009 2595 major
2052 2494 2156 2571 est
2197 2486 2435 2597 neque
2487 2500 2730 2576 minor
2780 2501 3064 2577 ratione
3117 2500 3458 2579 limitum.
3597 2508 3776 2586 Pro.

459 2644 635 2724 inde
681 2645 873 2723 ratio
916 2644 1238 2720 limitum
1279 2640 1587 2740 aequalis
1629 2636 1731 2714 est
1762 2642 2031 2717 rationi
2081 2666 2143 2711 m
2194 2664 2211 2714 ε
2260 2664 2324 2710 η.

657 2792 1050 2885 observatio.
1149 2787 1341 2861 Haec
1387 2782 1775 2882 propositio
1832 2806 2061 2857 unum
2117 2780 2219 2854 est
2275 2804 2373 2855 ex
2437 2785 2823 2882 praecipuis
2872 2785 3375 2863 fundamentis
3435 2790 3772 2868 methodi

460 2928 994 3016 exhaustioniS,
1075 2925 1313 3024 qualis
1369 2924 1615 3001 sedulo
1659 2924 1801 3002 suit
1861 2927 1951 3004 ab
2006 2924 2361 3021 Antiquis
2425 2927 2760 3018 exculta,
2841 2944 3065 3027 atque
3115 2929 3206 3006 ab
3267 2929 3621 3007 Eucumz
3691 2933 3773 3011 δε

440 3071 963 3155 ἈΒεΗιΜΕοΕ
1016 3071 1224 3147 nobis
1263 3069 1690 3145 transmissa.

652 3217 770 3289 En
817 3213 1096 3306 aliquot
1137 3212 1475 3308 exempla
1514 3213 1714 3287 illam
1759 3212 2210 3288 illustrantia.

650 3348 1046 3428 Perimetri
1099 3348 1638 3445 polygonorum
1684 3352 2188 3427 ordinatorum
2236 3353 2578 3429 similium
2605 3412 2623 3443 ‚
2709 3352 3000 3429 circulis
3045 3350 3346 3428 diversis
3399 3350 3778 3456 inscripto-

452 3518 659 3582 rum,
733 3491 898 3567 sunt
945 3487 1022 3561 in
1070 3487 1355 3560 ratione
1411 3489 1583 3564 data
1624 3491 1997 3600 radiorum
2066 3495 2540 3583 circulorum,
2618 3496 2813 3569 intra
2859 3492 2977 3567 vel
3027 3494 3218 3565 circa
3276 3514 3459 3587 quos
3511 3491 3774 3568 descri-

445 3637 743 3715 buntur.
880 3627 1032 3704 Sed
1084 3628 1460 3726 perimetri
1505 3629 1943 3705 circulorum
1994 3634 2156 3710 sunt
2202 3638 2476 3711 limites
2524 3638 3083 3733 perimetrorum
3127 3632 3602 3708 crescentium
3644 3657 3774 3733 po-

442 3745 893 3876 lygonorum
936 3768 1104 3869 ips1s
1155 3767 1701 3869 inscriptorum,
1780 3774 1856 3852 &
1900 3776 2174 3855 limites
2217 3751 2780 3879 perimetrorum
2827 3772 3402 3850 decrescentium
3460 3774 3770 3874 polygo-

446 3943 714 3997 norum
757 3912 1488 4010 circumscriptorum.
1615 3915 1870 4015 Itaque
1914 3921 2288 4018 perimetri
2332 3919 2774 4040 circulorum
2820 3915 2983 3990 sunt
3026 3915 3220 3991 inter
3262 3916 3332 3992 se
3386 3919 3461 3994 in
3503 3918 3769 3996 eadem.

446 4061 731 4138 ratione
773 4057 986 4151 data;
1038 4055 1307 4132 scilicet
1351 4056 1750 4168 iuratione
1790 4060 2057 4134 horum
2088 4062 2482 4136 radiorum.

552 4261 557 4265 .
640 4202 875 4277 Item:
939 4198 1349 4297 superficies
1414 4201 1668 4276 circuli
1737 4203 1950 4277 limes
2017 4203 2119 4277 est
2179 4175 2717 4302 superficierum
2781 4197 3258 4276 crescentium
3311 4210 3442 4275 aut
3513 4201 3767 4279 decre-

441 4346 798 4426 scentium
858 4338 1394 4437 polygonorum
1444 4343 1984 4433 ordinatorum,
2067 4366 2234 4443 quae
2281 4341 2406 4443 ipsi
2459 4343 2941 4418 inscribuntur
2990 4352 3121 4413 aut
3169 4325 3764 4418 circumscribun-

441 4500 586 4566 tur.
715 4483 868 4562 Sed
914 4473 1326 4582 superficies
1374 4484 1911 4583 polygonorum
1956 4485 2297 4564 similium
2352 4484 2648 4584 diversis
2719 4482 3008 4559 circulis
3056 4481 3562 4582 inscriptorum
3625 4490 3760 4556 aut

448 4626 1151 4724 circumscriptorum
1237 4621 1401 4699 sunt
1463 4626 1542 4701 in
1617 4632 1896 4705 ratione
1967 4630 2333 4729 duplicata
2409 4628 2781 4705 radiorum
2866 4625 3374 4724 praedistorum
3448 4621 3757 4698 circulo-

440 4795 632 4848 rum.
765 4766 1085 4842 Proinde
1138 4765 1553 4868 superficies
1612 4770 2050 4851 circulorum
2102 4771 2269 4848 sunt
2330 4774 2559 4848 etiam
2620 4771 2701 4846 in
2751 4769 3034 4847 ratione
3091 4766 3463 4866 duplicata
3514 4766 3755 4840 radio-

430 4932 599 4988 rum
652 4903 971 4983 suorum.

3586 4986 3755 5066 Sint
