4733 5844
1003 447 1033 499 ¹
1050 443 1145 517 94

994 593 1269 697 species
1318 590 1636 692 primum
1673 548 1994 665 breviter
2033 552 2535 688 pertraftare.
2566 589 2733 655 tum
2764 577 3173 676 generatim
3212 577 3305 655 de
3336 576 3478 654 illis
3513 576 3917 677 disquirere
3958 596 4107 655 non
4139 577 4314 657 alie-

1000 749 1185 818 num
1225 737 1316 814 ab
1362 757 1442 811 re
1492 730 1654 808 erit.

1027 898 1030 903 ’
1194 902 1286 1008 §.
1333 923 1492 996 131.
1594 896 1710 974 Sit
1741 895 1985 997 figura
2031 913 2492 991 quaecunque
2535 889 2750 989 plana
2795 884 3143 987 positione
3188 884 3266 963 ὅ(
3307 885 3820 981 magnitudine
3872 887 4068 962 data.
4173 885 4318 961 Re-

1006 1034 1117 1129 &a
1166 1042 1530 1144 quaepiam
1565 1040 1670 1116 ita
1714 1043 2138 1123 moveatur,
2191 1047 2277 1107 ut
2319 1028 2445 1107 fibi
2487 1028 2765 1127 semper
2806 1029 3148 1128 parallela
3180 1040 3517 1115 maneat,
3570 1026 3648 1103 ὅ(
3685 1040 3771 1103 ut
3818 1026 4116 1124 aliquod
4153 1014 4335 1125 ejus*

1006 1162 1357 1297 punctum
1415 1184 1606 1260 circa
1662 1180 2142 1279 perimetrum
2195 1172 2454 1270 figurae
2518 1170 2745 1269 hujus
2805 1170 3332 1270 progrediatur.
3462 1169 3774 1265 Singula
3825 1160 4041 1244 rettae
4092 1166 4320 1264 hujus

1005 1334 1267 1439 punita
1304 1327 1717 1419 describunt
1761 1322 1992 1397 lineas
2044 1319 2441 1418 perimetro
2480 1311 2741 1409 figurae
2790 1313 2987 1389 datae
3035 1309 3458 1409 parallelaS,
3509 1313 3897 1411 eidemque
3938 1309 4203 1405 ssmiles
4239 1309 4319 1386 δε

1004 1473 1362 1576 aequales:
1436 1467 1741 1570 proinde
1785 1457 1985 1539 solidi
2036 1462 2178 1536 hoc
2222 1456 2445 1534 modo
2494 1455 2727 1553 geniti
2771 1453 3012 1540 festio,
3076 1452 3295 1551 plano
3341 1475 3778 1550 quocunque
3819 1452 4079 1549 figurae
4123 1452 4320 1529 datae

1003 1616 1347 1722 parallelo
1389 1612 1610 1698 fasta,
1678 1605 1982 1705 aequalis
2027 1602 2104 1679 δι
2151 1598 2397 1675 fimilis
2450 1596 2552 1673 est
2605 1596 2780 1672 huic
2836 1595 3118 1691 figurae.
3252 1580 3690 1693 Superficies
3744 1618 3788 1669 a
3835 1592 4027 1668 resta
4072 1592 4323 1669 mobili

1009 1732 1260 1863 genita
1309 1756 1578 1832 dicitur
1612 1746 1981 1848 superficies
2037 1742 2411 1842 cylindrici„-
2479 1737 2557 1814 ὅ(
2612 1737 2803 1813 recta
2848 1739 3153 1853 ,mobilis
3210 1738 3479 1813 dicitur
3531 1735 3694 1833 ejus
3741 1738 3921 1806 latus.
4050 1732 4325 1829 Figura

1011 1906 1222 1989 data,
1298 1898 1375 1976 δε
1422 1894 1630 1971 seffio
1676 1889 1915 1975 solidi,
1969 1884 2184 1984 plano
2219 1883 2479 1978 figurae
2525 1879 2699 1954 huic
2744 1880 3083 1979 parallelo
3133 1877 3208 1954 ὅ(
3257 1900 3385 1975 per
3432 1877 3742 1953 alterum
3780 1877 4031 1953 lateris
4076 1888 4327 1952 extre-

1009 2067 1217 2125 mum
1258 2046 1686 2118 transeunte
1729 2033 1952 2120 facta,
2005 2030 2350 2104 dicuntur
2398 2026 2562 2123 ὀψε
2617 2021 2840 2097 solidi.
2944 2018 3278 2095 Solidum
3318 2019 3591 2119 ipsum,
3642 2018 3929 2095 basibus
3978 2017 4054 2094 ὅ(
4084 2018 4327 2115 super-

1010 2168 1175 2265 ficie
1225 2179 1626 2282 cylindrica
1671 2174 2193 2258 terminatum,
2260 2169 2529 2244 dicitur
2572 2165 2888 2262 cylindrus
2934 2159 3055 2236 seu
3099 2162 3403 2238 solidum
3447 2162 3952 2258 cylindricum.
4071 2160 4330 2254 Cylin-

1012 2304 1192 2407 drus
1242 2327 1343 2402 est
1396 2321 1600 2396 resins
1658 2330 1789 2394 aut
1835 2317 2172 2409 obliquus,
2238 2309 2482 2408 prouti
2525 2307 2721 2381 latus
2764 2298 2869 2378 est'
2914 2303 3059 2382 basi
3099 2306 3699 2406 perpendiculare
3747 2317 3878 2379 aut
3923 2300 4324 2400 obliquum.

1012 2468 1371 2548 Distantia
1415 2452 1691 2544 basium
1736 2455 2049 2557 cylindri
2094 2451 2363 2533 dicitur
2409 2446 2573 2547 ejus
2616 2450 2898 2520 altitudo.
3198 2538 3201 2543 ι

1206 2608 1545 2686 Solidum
1593 2600 2080 2701 cylindricum
2129 2586 2345 2671 limes
2389 2589 2491 2666 est
2526 2591 2963 2689 prismatum
3001 2590 3127 2688 ipsi
3172 2589 3876 2686 circumscriptorum
3921 2599 4052 2665 aut
4087 2586 4334 2664 inscri-

1013 2762 1331 2853 ptorum.
1462 2747 1613 2827 Sed
1659 2742 2104 2842 capacitates
2146 2737 2414 2811 horum
2459 2733 2895 2832 prismatum
2951 2732 3111 2807 sunt
3155 2735 3231 2808 in
3276 2734 3561 2810 ratione
3619 2729 4010 2828 compofita
4069 2753 4166 2805 ex
4213 2751 4337 2805 ra·
4376 2720 4387 2727 ”

1013 2892 1341 2970 tionibus
1380 2888 1660 2968 balium
1713 2886 1790 2964 δι
1840 2881 2318 2962 altitudinum
2361 2897 2653 2970 eorum3
2713 2870 2790 2950 &
2838 2872 3042 2952 bases
3088 2874 3293 2951 solidi
3332 2873 3713 2972 cylindrici
3759 2870 3921 2948 sunt
3973 2871 4200 2947 etiam
4228 2871 4341 2968 ‘li-

1017 3034 1237 3111 mites
1273 3030 1551 3109 bafium
1580 3029 1851 3103 horum
1894 3025 2369 3123 prismatum:
2418 3018 2723 3120 proinde
2764 3017 2987 3092 etiam
3029 3014 3247 3092 solida
3282 3013 3679 3111 cylindrica
3724 3012 3888 3087 sunt
3923 3011 4002 3087 in
4038 3012 4344 3088 ratione

1018 3174 1412 3276 composita
1449 3195 1546 3246 ex
1587 3167 1993 3247 rationibus
2038 3166 2317 3247 basium
2366 3163 2459 3240 δι·
2499 3160 2973 3236 altitudinum
3014 3156 3346 3258 ipsorum.
3446 3154 3620 3229 Ideo
3667 3154 4068 3229 denotante
4113 3157 4166 3226 S
4210 3176 4344 3230 ca·

1014 3320 1414 3426 pacitatem
1444 3314 1648 3394 solidi
1693 3310 2111 3410 cylindrici,
2158 3310 2229 3382 B
2257 3302 2456 3384 basm
2495 3302 2698 3401 ejuS,
2755 3298 2832 3377 &
2868 3303 2942 3372 H
2981 3297 3493 3388 altitudinem3
3545 3293 3688 3370 erit
3731 3298 3784 3367 S
3817 3328 3889 3359 =
3928 3294 4077 3370 BH.

1213 3473 1531 3552 Proinde
1577 3469 2159 3570 quotiescunque
2205 3487 2380 3540 area
2426 3459 2614 3539 bafis
2668 3456 2871 3535 solidi
2924 3453 3308 3552 cylindrici
3346 3454 3681 3529 terminis
3733 3451 3963 3530 finitis
4010 3452 4340 3552 exprimi

1015 3617 1286 3720 potest5
1336 3618 1700 3718 capacitas
1737 3635 2030 3714 quoque
2075 3607 2279 3710 solidi
2325 3599 2710 3702 cylindrici
2751 3608 3091 3676 accurate
3132 3584 3691 3714 determinatur.

1214 3775 1503 3856 Pariter
1547 3770 1959 3871 superficies
2011 3762 2436 3863 cylindricae
2479 3756 2695 3844 restae
2753 3752 2917 3827 sunt
2964 3753 3045 3828 in
3098 3752 3379 3827 ratione
3437 3750 3834 3850 composita
3878 3776 3975 3829 ex
4023 3753 4342 3830 rationi..

1010 3923 1174 4000 tus
1217 3917 1776 4019 perimetrorum
1828 3908 2138 3997 bafium,
2197 3904 2274 3981 ὅ(
2312 3896 2814 3978 altitudinum.
2919 3892 3359 3994 superficies
3396 3904 3648 3969 autem
3689 3893 4114 3990 cylindricae
4148 3894 4349 3971 obli-

1028 4068 1197 4164 q'ua'e
1243 4059 1570 4160 pendent
1594 4079 1651 4133 a
1695 4054 2092 4157 perimetro
2132 4045 2459 4125 sectionis
2496 4036 2856 4141 cylindri..
2923 4036 3142 4136 plano
3182 4032 3401 4134 ipfius
3447 4034 3799 4113 lateribus
3851 4035 4351 4137 perpendicu-

953 4237 962 4242 ’
1023 4205 1157 4285 lari
1207 4202 1438 4318 faaae.
3434 4193 3437 4194 *

1216 4358 1295 4466 §.
1350 4383 1510 4456 132.
1617 4353 1870 4435 Solida
1908 4354 2133 4443 inter,
2177 4369 2346 4449 quae
2394 4367 2441 4421 a
2482 4329 2901 4440 cylindricis
2944 4335 3302 4434 originem
3351 4333 3668 4425 ducunt,
3720 4358 3808 4413 ea
3852 4335 4353 4438 contemplari

1023 4489 1364 4593 fu'fficiat,
1413 4511 1579 4630 quae
1616 4498 2121 4614 cylindrorum
2151 4491 2512 4567 resto'rum
2550 4479 2974 4579 (inprimis)
3025 4478 3330 4555 sectione
3358 4477 3504 4555 basi
3536 4478 3827 4575 obliqua
3859 4488 4350 4574 generantur.

1191 4648 1337 4726 Sit
1391 4664 1656 4739 nempe
1703 4629 1840 4712 AB
1892 4635 2082 4711 resta
2137 4647 2594 4733 quaecunque
2633 4622 2710 4697 in
2768 4622 2984 4722 plano
3032 4619 3219 4697 basis
3273 4617 3589 4716 cylindri
3638 4618 3812 4695 resti
3848 4620 4056 4714 afta;
4115 4620 4205 4698 δε
4265 4618 4362 4697 sit

1022 4794 1174 4889 AN
1175 4794 1253 4872 N
1259 4773 1346 4864 'B
1388 4783 1850 4881 segmentum
1881 4775 2067 4860 bafia
2105 4775 2301 4857 resta
2329 4773 2473 4851 hac
2495 4771 2645 4851 AB
2687 4765 3079 4850 abscissum.
3186 4760 3584 4859 Cylindrus
3618 4757 3907 4842 fecetur
3949 4760 4179 4865 plano
4214 4784 4364 4862 pet

712 4682 847 4771 fig.
864 4684 967 4773 36
