4733 5844
1012 396 1148 476 198

992 548 1161 633 ficie
1199 560 1451 636 conica
1491 564 2007 647 terminatum,
2050 560 2322 636 dicitur
2364 584 2594 652 comes,
2644 561 2768 637 seu
2802 550 3106 639 solidum
3151 563 3483 639 conicum
3506 586 3527 657 3
3581 563 3657 641 ὅ(
3692 566 3929 665 figura
3962 566 4105 669 ipsa
4144 568 4313 667 eJus

988 700 1163 796 bcyis·
1265 703 1493 780 Retia
1539 727 1634 777 ex
1669 701 1946 777 vertice
1988 702 2062 775 in
2102 668 2401 798 planum
2437 703 2623 781 basis
2654 706 3351 804 perpendiculariter
3391 707 3683 782 demiss'a
3720 724 4024 786 vocatur
4053 714 4311 781 altitudo

995 843 1186 946 cpni.
1289 845 1371 921 Si
1425 841 1609 920 bafis
1654 844 1882 923 habet
1920 824 2255 920 centrum
2299 846 2597 942 figurae,
2649 850 2727 926 δι
2780 850 3093 925 altitudo
3140 848 3304 923 coni
3346 848 3564 948 plano
3606 847 3794 928 basis
3849 852 3926 955 in
3965 850 4106 926 hoc
4148 875 4318 928 cen·

991 995 1115 1061 tro
1150 986 1498 1075 occurrit3
1550 1007 1780 1060 conus
1829 999 2132 1062 vocatur
2176 987 2417 1062 reem:
2492 989 2543 1065 fi
2595 991 2834 1084 secus;
2889 1014 3118 1066 conus
3167 989 3269 1064 est
3304 993 3609 1089 obliquus.

1196 1141 1280 1218 Si
1331 1165 1559 1218 conus
1606 1141 1823 1240 plano
1866 1142 2145 1220 secetur
2199 1144 2346 1224 basi
2399 1145 2782 1246 parallelo·
2866 1146 3105 1243 figura
3152 1145 3476 1222 sectionis
3536 1142 3684 1222 basi
3739 1143 3988 1222 fimilis
4026 1116 4169 1241 est·
4224 1147 4317 1225 <ic

1001 1286 1490 1365 dimenfiones
1536 1284 1952 1379 homologae
1988 1285 2314 1363 sestionis
2359 1312 2449 1364 ac
2494 1287 2680 1366 basis
2720 1286 2886 1365 sunt
2925 1289 3117 1365 inter
3163 1288 3231 1365 se
3279 1289 3393 1365 uti
3431 1286 3788 1364 distantiae
3834 1288 4035 1387 plani
4079 1289 4319 1366 secan·

1009 1431 1112 1508 tis
1162 1430 1239 1508 δε
1286 1428 1471 1509 bafis
1521 1449 1566 1501 a
1604 1425 1878 1503 vertice
1922 1429 2108 1504 coni.

1210 1585 1378 1662 Sint
1429 1581 1576 1657 duo
1624 1581 1791 1654 coni
1832 1580 2217 1677 aequealti3
2286 1582 2492 1658 bases
2536 1607 2791 1661 eorum
2835 1584 2914 1661 in
2960 1585 3224 1678 eodem
3277 1582 3495 1683 plano
3539 1580 3871 1681 jaceant,
3922 1581 4028 1657 ita
4064 1592 4152 1658 ut
4195 1583 4323 1684 ipsi

1017 1729 1163 1806 fint
1203 1722 1452 1803 versus
1500 1721 1801 1797 easdem
1838 1717 2067 1818 hujus
2120 1723 2318 1823 plani
2371 1738 2619 1823 partes
2663 1726 2797 1803 siti.
2901 1699 3251 1804 Altitudo
3285 1722 3699 1801 communis
3748 1721 4060 1798 duorum
4109 1748 4328 1801 cono‘

1012 1893 1188 1949 rum
1241 1866 1612 1944 dividatur
1671 1864 1748 1938 in
1794 1875 2039 1961 partes
2097 1879 2570 1965 quotcunque
2624 1868 2991 1967 aequales:
3067 1868 3144 1945 ὅ(
3194 1867 3487 1963 utrique
3538 1862 4016 1939 inscribantur
4060 1887 4147 1939 ac
4191 1868 4331 1941 cir-

1018 2007 1595 2086 cumscribantur
1641 2004 1993 2105 prismata
2040 2008 2405 2106 aequealta
2453 2010 2548 2083 ad
2592 2032 2928 2085 normam
2974 2005 3030 2111 §
3069 2008 3287 2108 primi
3333 2004 3655 2103 exempli
3705 1986 3965 2094 tertii}
4014 2025 4329 2101 quorum

1019 2150 1227 2230 bases
1283 2148 1420 2224 sint
1472 2146 1732 2243 figurae
1789 2145 2056 2224 ssmiles
2109 2150 2536 2229 sestionibus
2588 2152 2798 2229 sunul
2842 2150 3203 2251 inscriptae
3260 2159 3392 2225 aut
3439 2144 4019 2244 circumscriptae.
4159 2149 4331 2225 Duo
4372 2196 4394 2214 ·

1022 2292 1376 2394 prismata
1414 2290 1493 2365 in
1532 2300 1847 2387 utroque
1893 2315 2080 2366 cono
2118 2290 2245 2370 fibi
2292 2292 2611 2369 invicem
2656 2294 3162 2392 respondentia
3212 2289 3387 2386 (seu
3421 2312 3463 2364 a
3506 2286 3780 2363 vertice
3827 2286 3996 2367 coni
4035 2290 4335 2386 aequali-

1027 2443 1146 2509 ter
1186 2431 1581 2525 distantia)
1629 2433 1793 2508 sunt
1829 2434 1906 2508 in
1935 2434 2220 2509 ratione
2252 2436 2607 2513 constanti
2645 2433 2921 2512 basium
2956 2434 3285 2523 suarum,
3333 2430 3457 2506 seu
3499 2430 3577 2505 in
3620 2429 3902 2504 ratione
3936 2430 4341 2528 figurarum

1029 2574 1320 2654 bafibus
1371 2598 1725 2651 conorum
1772 2575 1981 2652 fimul
2028 2577 2536 2677 -inscriptarum
2581 2591 2712 2654 aut
2751 2576 3507 2676 circumscriptarum3
3569 2572 3867 2671 proinde
3916 2571 3993 2649 δι
4038 2572 4341 2654 summae

997 2711 1301 2796 ‘horum
1354 2717 1793 2816 prismatum
1847 2714 2013 2793 sunt
2061 2719 2140 2794 in
2185 2720 2447 2796 eadem
2501 2722 2787 2797 ratione
2842 2718 3217 2796 constanti.
3357 2718 3598 2804 Quare
3638 2712 3714 2791 &
3762 2713 4035 2790 limites
4076 2716 4347 2791 harum

1035 2857 1523 2946 summarum,
1585 2882 1849 2958 nempe
1891 2860 2039 2935 duo
2091 2860 2294 2951 coni,
2368 2862 2534 2938 sunt
2578 2863 2688 2940 uti
2731 2862 3007 2939 limites
3056 2860 3458 2958 figurarum
3505 2856 3790 2936 bafibus
3837 2855 4352 2956 inscriptamm

1035 2996 1119 3075 &
1163 2996 1902 3095 circumscriptarum,
1950 3002 2071 3075 seu
2110 3014 2196 3076 ut
2244 3003 2414 3102 ipsae
2458 3005 2681 3082 bases.
2799 3004 3020 3081 Ratio
3065 3002 3291 3098 igitur
3340 3001 3653 3075 duorum
3692 3019 4045 3073 conorum
4095 3018 4363 3094 aeque-

1037 3139 1361 3215 altorum
1400 3138 1706 3236 aequalis
1745 3136 1854 3214 est
1893 3142 2162 3217 rationi
2207 3144 2484 3221 basium
2522 3170 2801 3224 eorum.

1240 3301 1478 3400 Atqui
1527 3301 1718 3375 ratio
1770 3300 2046 3378 balium
2097 3309 2403 3405 aequalis
2463 3309 2565 3385 est
2619 3313 2887 3390 rationi
2940 3308 3445 3408 cylindrorum
3486 3301 4020 3400 aequealtorum
4064 3298 4368 3375 basibus

1036 3444 1184 3524 illis
1230 3440 1727 3520 insistentium·
1827 3442 2144 3524 Proinde
2177 3451 2346 3526 coni
2392 3453 2742 3551 aequealti
2777 3454 2972 3529 inter
3018 3449 3089 3525 se
3133 3448 3298 3524 sunt
3339 3446 3453 3521 uti
3496 3444 3810 3542 cylindri
3846 3439 4194 3538 aequealti
4230 3439 4374 3517 iis-

1025 3586 1219 3663 *dem
1265 3581 1550 3690 basibus
1592 3580 2024 3673 insistentes,

1241 3738 1393 3817 Sed
1440 3760 1672 3814 conus
1733 3735 2105 3815 cncularis
2162 3741 2268 3818 est
2317 3767 2487 3843 pars
2539 3744 2760 3821 tertia
2805 3738 3122 3840 cylindri
3177 3735 3549 3812 circularis
3593 3729 3945 3832 aequealti
3982 3730 4187 3827 super
4230 3754 4381 3808 ea·-

1021 3880 1224 3959 nem
1281 3878 1450 3957 bafi.
1565 3879 1883 3956 Proinde
1932 3905 2165 3961 conus
2214 3882 2523 3983 quilibet
2578 3906 2749 3986 pars
2805 3882 2907 3959 est
2957 3879 3183 3957 tertia
3226 3877 3543 3975 cylindri
3578 3873 3930 3973 aequealti
3973 3871 4391 3970 eidemque

1025 4023 1200 4102 bafi
1236 4021 1650 4099 insistentis,
3234 4098 3240 4104 ,

1246 4164 1788 4244 Determinatio
1836 4165 2065 4265 igitur
2099 4172 2529 4272 capacitatis
2569 4172 2898 4273 cujusvis
2929 4164 3136 4244 solidi
3174 4159 3410 4238 conici
3458 4158 3837 4236 reducitur
3879 4155 3977 4233 ad
4015 4153 4398 4236 determi-

919 4337 930 4348 ·
1033 4308 1425 4386 nationem
1470 4307 1680 4385 baiis·
4096 4304 4112 4316 ⁶

1119 4491 1126 4500 ’
1251 4488 1333 4595 §.
1405 4515 1438 4567 ι
1448 4516 1490 4588 3
1499 4513 1567 4588 5.
1666 4497 1901 4573 Secus
1951 4505 2203 4574 autem
2247 4521 2368 4575 res
2426 4501 2653 4579 habet
2707 4495 2906 4595 quod
2967 4495 3062 4572 ad
3119 4490 3570 4592 superficiem
3633 4488 4022 4565 solidorum
4080 4486 4414 4564 conico-

1050 4659 1247 4715 rum·
1344 4637 1628 4715 Notum
1663 4639 1813 4729 est,
1855 4638 2311 4738 superficiem
2356 4641 2522 4717 coni
2552 4640 2728 4717 resti
2759 4638 3131 4715 circularis
3177 4661 3220 4711 a
3263 4629 3850 4711 circumferentia
3893 4629 4148 4706 circuli
4193 4654 4412 4729 pen-

1055 4779 1257 4860 dete.
1375 4781 1913 4861 Determinatio
1958 4792 2212 4855 autem
2260 4781 2662 4882 superficiei
2705 4782 2870 4859 coni
2921 4781 3292 4857 circularis
3349 4773 3622 4916 obliqui
3671 4772 3942 4870 (cujus
3987 4769 4425 4868 investiga-

4192 4913 4427 4991 tioni
