<?xml version="1.0" encoding="UTF-8"?>
<!DOCTYPE html PUBLIC "-//W3C//DTD XHTML 1.0 Transitional//EN"
    "http://www.w3.org/TR/xhtml1/DTD/xhtml1-transitional.dtd">
<html xmlns="http://www.w3.org/1999/xhtml" xml:lang="en" lang="en">
 <head>
  <title>
</title>
<meta http-equiv="Content-Type" content="text/html;charset=utf-8" />
  <meta name='ocr-system' content='tesseract 3.04.00' />
  <meta name='ocr-capabilities' content='ocr_page ocr_carea ocr_par ocr_line ocrx_word'/>
</head>
<body>
  <div class='ocr_page' id='page_1' title='image "./principiorumcal00lhugoog_0048.png"; bbox 0 0 4733 5844; ppageno 0'>
   <div class='ocr_carea' id='block_1_1' title="bbox 928 446 4259 711">
    <p class='ocr_par' dir='ltr' id='par_1_1' title="bbox 928 446 4259 711">
     <span class='ocr_line' id='line_1_1' title="bbox 928 446 981 523; baseline 0 0"><span class='ocrx_word' id='word_1_1' title='bbox 928 446 981 523; x_wconf 73' lang='lat'>8</span> 
     </span>
     <span class='ocr_line' id='line_1_2' title="bbox 1138 606 4259 711; baseline 0.001 -23"><span class='ocrx_word' id='word_1_2' title='bbox 1138 611 1306 688; x_wconf 86' lang='lat' dir='ltr'>Sint</span> <span class='ocrx_word' id='word_1_3' title='bbox 1347 611 1516 691; x_wconf 82' lang='lat' dir='ltr'>duae</span> <span class='ocrx_word' id='word_1_4' title='bbox 1566 609 1991 711; x_wconf 78' lang='lat' dir='ltr'><strong>pyramides</strong></span> <span class='ocrx_word' id='word_1_5' title='bbox 2037 634 2250 709; x_wconf 85' lang='lat' dir='ltr'>aeque</span> <span class='ocrx_word' id='word_1_6' title='bbox 2299 607 2507 696; x_wconf 80' lang='lat' dir='ltr'>altae,</span> <span class='ocrx_word' id='word_1_7' title='bbox 2567 629 2884 708; x_wconf 87' lang='lat' dir='ltr'>quarum</span> <span class='ocrx_word' id='word_1_8' title='bbox 2930 606 3135 687; x_wconf 88' lang='lat' dir='ltr'>bases</span> <span class='ocrx_word' id='word_1_9' title='bbox 3173 609 3253 684; x_wconf 88' lang='lat' dir='ltr'>in</span> <span class='ocrx_word' id='word_1_10' title='bbox 3305 609 3566 685; x_wconf 85' lang='lat' dir='ltr'>eodem</span> <span class='ocrx_word' id='word_1_11' title='bbox 3612 610 3869 710; x_wconf 88' lang='lat' dir='ltr'>plano,</span> <span class='ocrx_word' id='word_1_12' title='bbox 3949 609 4032 689; x_wconf 71' lang='grc' dir='ltr'>δι</span> <span class='ocrx_word' id='word_1_13' title='bbox 4090 632 4259 711; x_wconf 82' lang='lat' dir='ltr'>quae</span> 
     </span>
    </p>
   </div>
   <div class='ocr_carea' id='block_1_2' title="bbox 934 748 4271 993">
    <p class='ocr_par' dir='ltr' id='par_1_2' title="bbox 934 748 4271 993">
     <span class='ocr_line' id='line_1_3' title="bbox 934 748 4267 854; baseline -0.001 -20"><span class='ocrx_word' id='word_1_14' title='bbox 934 756 1096 834; x_wconf 79' lang='lat' dir='ltr'>fitae</span> <span class='ocrx_word' id='word_1_15' title='bbox 1145 755 1283 830; x_wconf 83' lang='lat' dir='ltr'>fint</span> <span class='ocrx_word' id='word_1_16' title='bbox 1323 757 1420 831; x_wconf 92' lang='lat' dir='ltr'>ad</span> <span class='ocrx_word' id='word_1_17' title='bbox 1460 756 1764 830; x_wconf 86' lang='lat' dir='ltr'>easdem</span> <span class='ocrx_word' id='word_1_18' title='bbox 1806 767 2056 853; x_wconf 86' lang='lat' dir='ltr'>partes</span> <span class='ocrx_word' id='word_1_19' title='bbox 2110 749 2337 847; x_wconf 83' lang='lat' dir='ltr'>hujus</span> <span class='ocrx_word' id='word_1_20' title='bbox 2405 748 2620 846; x_wconf 83' lang='lat' dir='ltr'>plani.</span> <span class='ocrx_word' id='word_1_21' title='bbox 2756 748 3107 828; x_wconf 78' lang='lat' dir='ltr'>Altitudo</span> <span class='ocrx_word' id='word_1_22' title='bbox 3165 754 3575 826; x_wconf 84' lang='lat' dir='ltr'>communis</span> <span class='ocrx_word' id='word_1_23' title='bbox 3623 753 3890 828; x_wconf 86' lang='lat' dir='ltr'>harum</span> <span class='ocrx_word' id='word_1_24' title='bbox 3936 758 4267 854; x_wconf 85' lang='lat' dir='ltr'>pyrami-</span> 
     </span>
     <span class='ocr_line' id='line_1_4' title="bbox 938 892 4271 993; baseline -0 -19"><span class='ocrx_word' id='word_1_25' title='bbox 938 900 1129 974; x_wconf 86' lang='lat' dir='ltr'>dum</span> <span class='ocrx_word' id='word_1_26' title='bbox 1188 896 1469 971; x_wconf 86' lang='lat' dir='ltr'>secetur</span> <span class='ocrx_word' id='word_1_27' title='bbox 1542 897 1622 970; x_wconf 89' lang='lat' dir='ltr'>in</span> <span class='ocrx_word' id='word_1_28' title='bbox 1698 908 2172 993; x_wconf 81' lang='lat' dir='ltr'>quotcunque</span> <span class='ocrx_word' id='word_1_29' title='bbox 2232 904 2480 991; x_wconf 89' lang='lat' dir='ltr'>partes</span> <span class='ocrx_word' id='word_1_30' title='bbox 2546 892 2916 989; x_wconf 80' lang='lat' dir='ltr'>aequales:</span> <span class='ocrx_word' id='word_1_31' title='bbox 3002 916 3131 991; x_wconf 89' lang='lat' dir='ltr'>per</span> <span class='ocrx_word' id='word_1_32' title='bbox 3185 892 3449 989; x_wconf 69' lang='lat' dir='ltr'>pun&amp;a</span> <span class='ocrx_word' id='word_1_33' title='bbox 3507 893 3875 971; x_wconf 77' lang='lat' dir='ltr'>divisionis</span> <span class='ocrx_word' id='word_1_34' title='bbox 3952 909 4271 993; x_wconf 89' lang='lat' dir='ltr'>agantur</span> 
     </span>
    </p>
   </div>
   <div class='ocr_carea' id='block_1_3' title="bbox 784 1024 4271 1138">
    <p class='ocr_par' dir='ltr' id='par_1_3' title="bbox 784 1024 4271 1138">
     <span class='ocr_line' id='line_1_5' title="bbox 784 1024 4271 1138; baseline 0.001 -27"><span class='ocrx_word' id='word_1_35' title='bbox 784 1094 801 1111; x_wconf 31' lang='grc' dir='ltr'>χ</span> <span class='ocrx_word' id='word_1_36' title='bbox 946 1039 1164 1137; x_wconf 85' lang='lat' dir='ltr'>plana</span> <span class='ocrx_word' id='word_1_37' title='bbox 1214 1036 1356 1114; x_wconf 78' lang='lat' dir='ltr'>basi</span> <span class='ocrx_word' id='word_1_38' title='bbox 1401 1038 1738 1135; x_wconf 85' lang='lat' dir='ltr'>parallela</span> <span class='ocrx_word' id='word_1_39' title='bbox 1758 1062 1779 1130; x_wconf 84' lang='lat'>3</span> <span class='ocrx_word' id='word_1_40' title='bbox 1849 1037 1929 1113; x_wconf 88' lang='lat'>&amp;</span> <span class='ocrx_word' id='word_1_41' title='bbox 1968 1038 2264 1133; x_wconf 75' lang='lat' dir='ltr'>utrique</span> <span class='ocrx_word' id='word_1_42' title='bbox 2309 1033 2679 1132; x_wconf 84' lang='lat' dir='ltr'>pyra-midi</span> <span class='ocrx_word' id='word_1_43' title='bbox 2725 1024 3205 1111; x_wconf 83' lang='lat' dir='ltr'>inscribantur</span> <span class='ocrx_word' id='word_1_44' title='bbox 3253 1033 3332 1110; x_wconf 64' lang='grc' dir='ltr'>ὅ(</span> <span class='ocrx_word' id='word_1_45' title='bbox 3363 1034 4048 1112; x_wconf 82' lang='lat' dir='ltr'>circumscribantur</span> <span class='ocrx_word' id='word_1_46' title='bbox 4083 1039 4271 1138; x_wconf 81' lang='lat' dir='ltr'>pris·</span> 
     </span>
    </p>
   </div>
   <div class='ocr_carea' id='block_1_4' title="bbox 857 1173 4278 2547">
    <p class='ocr_par' dir='ltr' id='par_1_4' title="bbox 940 1173 4275 2121">
     <span class='ocr_line' id='line_1_6' title="bbox 940 1173 4270 1279; baseline 0 -24"><span class='ocrx_word' id='word_1_47' title='bbox 940 1193 1192 1266; x_wconf 85' lang='lat' dir='ltr'>mata,</span> <span class='ocrx_word' id='word_1_48' title='bbox 1242 1180 1338 1254; x_wconf 90' lang='lat' dir='ltr'>ad</span> <span class='ocrx_word' id='word_1_49' title='bbox 1367 1201 1704 1253; x_wconf 89' lang='lat' dir='ltr'>normam</span> <span class='ocrx_word' id='word_1_50' title='bbox 1745 1200 2037 1265; x_wconf 89' lang='lat' dir='ltr'>eorum,</span> <span class='ocrx_word' id='word_1_51' title='bbox 2089 1197 2257 1274; x_wconf 83' lang='lat' dir='ltr'>quae</span> <span class='ocrx_word' id='word_1_52' title='bbox 2305 1174 2399 1249; x_wconf 91' lang='lat' dir='ltr'>de</span> <span class='ocrx_word' id='word_1_53' title='bbox 2444 1173 3143 1272; x_wconf 81' lang='lat' dir='ltr'>parallelogrammis</span> <span class='ocrx_word' id='word_1_54' title='bbox 3181 1174 3540 1273; x_wconf 81' lang='lat' dir='ltr'>inscriptis</span> <span class='ocrx_word' id='word_1_55' title='bbox 3578 1175 3656 1252; x_wconf 73' lang='grc' dir='ltr'>δι</span> <span class='ocrx_word' id='word_1_56' title='bbox 3703 1177 4270 1279; x_wconf 80' lang='lat' dir='ltr'>circumscriptis</span> 
     </span>
     <span class='ocr_line' id='line_1_7' title="bbox 945 1313 4272 1418; baseline 0.002 -27"><span class='ocrx_word' id='word_1_57' title='bbox 945 1313 1028 1418; x_wconf 56' lang='grc' dir='ltr'>ᾗ.</span> <span class='ocrx_word' id='word_1_58' title='bbox 1078 1343 1139 1391; x_wconf 90' lang='lat'>1.</span> <span class='ocrx_word' id='word_1_59' title='bbox 1190 1318 1332 1393; x_wconf 72' lang='lat' dir='ltr'>Ex,</span> <span class='ocrx_word' id='word_1_60' title='bbox 1374 1345 1441 1416; x_wconf 85' lang='lat'>3.</span> <span class='ocrx_word' id='word_1_61' title='bbox 1496 1320 1681 1394; x_wconf 64' lang='lat' dir='ltr'>dista</span> <span class='ocrx_word' id='word_1_62' title='bbox 1735 1318 2061 1395; x_wconf 84' lang='lat' dir='ltr'>fuerunt.</span> <span class='ocrx_word' id='word_1_63' title='bbox 2220 1318 2552 1413; x_wconf 83' lang='lat' dir='ltr'>Utraque</span> <span class='ocrx_word' id='word_1_64' title='bbox 2605 1316 2939 1413; x_wconf 81' lang='lat' dir='ltr'>pyramis</span> <span class='ocrx_word' id='word_1_65' title='bbox 2997 1317 3213 1391; x_wconf 89' lang='lat' dir='ltr'>limes</span> <span class='ocrx_word' id='word_1_66' title='bbox 3278 1314 3385 1389; x_wconf 88' lang='lat' dir='ltr'>est</span> <span class='ocrx_word' id='word_1_67' title='bbox 3439 1314 3883 1394; x_wconf 83' lang='lat' dir='ltr'>summarum</span> <span class='ocrx_word' id='word_1_68' title='bbox 3947 1321 4272 1398; x_wconf 74' lang='lat' dir='ltr'>crescen&#39;-</span> 
     </span>
     <span class='ocr_line' id='line_1_8' title="bbox 946 1422 4269 1557; baseline 0.002 -26"><span class='ocrx_word' id='word_1_69' title='bbox 946 1457 1146 1531; x_wconf 75' lang='lat' dir='ltr'>tium</span> <span class='ocrx_word' id='word_1_70' title='bbox 1193 1422 1326 1533; x_wconf 77' lang='lat' dir='ltr'>aut</span> <span class='ocrx_word' id='word_1_71' title='bbox 1379 1461 1951 1536; x_wconf 86' lang='lat' dir='ltr'>decrescentium</span> <span class='ocrx_word' id='word_1_72' title='bbox 1989 1460 2463 1557; x_wconf 89' lang='lat' dir='ltr'>prismatum,</span> <span class='ocrx_word' id='word_1_73' title='bbox 2516 1477 2682 1554; x_wconf 82' lang='lat' dir='ltr'>quae</span> <span class='ocrx_word' id='word_1_74' title='bbox 2729 1454 2858 1554; x_wconf 75' lang='lat' dir='ltr'>ipsi</span> <span class='ocrx_word' id='word_1_75' title='bbox 2905 1456 3392 1533; x_wconf 83' lang='lat' dir='ltr'>inscribuntur</span> <span class='ocrx_word' id='word_1_76' title='bbox 3431 1455 3511 1534; x_wconf 88' lang='lat'>&amp;</span> <span class='ocrx_word' id='word_1_77' title='bbox 3560 1460 4269 1550; x_wconf 80' lang='lat' dir='ltr'>circumscribuntur.</span> 
     </span>
     <span class='ocr_line' id='line_1_9' title="bbox 947 1597 4270 1699; baseline 0.002 -24"><span class='ocrx_word' id='word_1_78' title='bbox 947 1598 1272 1676; x_wconf 76' lang='lat' dir='ltr'>Proinde</span> <span class='ocrx_word' id='word_1_79' title='bbox 1320 1600 1857 1689; x_wconf 80' lang='lat' dir='ltr'>demonstrato,</span> <span class='ocrx_word' id='word_1_80' title='bbox 1917 1598 2297 1699; x_wconf 70' lang='lat' dir='ltr'>praedistas</span> <span class='ocrx_word' id='word_1_81' title='bbox 2337 1599 2777 1697; x_wconf 85' lang='lat' dir='ltr'>prismatum</span> <span class='ocrx_word' id='word_1_82' title='bbox 2830 1597 3549 1698; x_wconf 82' lang='lat' dir='ltr'>correspondentium</span> <span class='ocrx_word' id='word_1_83' title='bbox 3580 1597 3899 1674; x_wconf 85' lang='lat' dir='ltr'>summas</span> <span class='ocrx_word' id='word_1_84' title='bbox 3948 1601 4143 1678; x_wconf 89' lang='lat' dir='ltr'>inter</span> <span class='ocrx_word' id='word_1_85' title='bbox 4198 1603 4270 1679; x_wconf 90' lang='lat' dir='ltr'>se</span> 
     </span>
     <span class='ocr_line' id='line_1_10' title="bbox 951 1737 4275 1841; baseline 0.002 -28"><span class='ocrx_word' id='word_1_86' title='bbox 951 1737 1098 1813; x_wconf 83' lang='lat' dir='ltr'>effe</span> <span class='ocrx_word' id='word_1_87' title='bbox 1144 1739 1224 1813; x_wconf 88' lang='lat' dir='ltr'>in</span> <span class='ocrx_word' id='word_1_88' title='bbox 1272 1741 1574 1839; x_wconf 57' lang='lat' dir='ltr'>ratione!</span> <span class='ocrx_word' id='word_1_89' title='bbox 1600 1742 1776 1838; x_wconf 82' lang='lat' dir='ltr'>data</span> <span class='ocrx_word' id='word_1_90' title='bbox 1812 1739 2089 1818; x_wconf 83' lang='lat' dir='ltr'>basmm</span> <span class='ocrx_word' id='word_1_91' title='bbox 2122 1738 2628 1841; x_wconf 83' lang='lat' dir='ltr'>pyramidum3</span> <span class='ocrx_word' id='word_1_92' title='bbox 2696 1739 2947 1816; x_wconf 84' lang='lat' dir='ltr'>licebit</span> <span class='ocrx_word' id='word_1_93' title='bbox 2993 1741 3498 1827; x_wconf 60' lang='lat' dir='ltr'>concluderez</span> <span class='ocrx_word' id='word_1_94' title='bbox 3538 1739 3901 1815; x_wconf 85' lang='lat' dir='ltr'>rationem</span> <span class='ocrx_word' id='word_1_95' title='bbox 3948 1740 4275 1820; x_wconf 87' lang='lat' dir='ltr'>limitum</span> 
     </span>
     <span class='ocr_line' id='line_1_11' title="bbox 957 1873 4274 1983; baseline 0.002 -27"><span class='ocrx_word' id='word_1_96' title='bbox 957 1880 1227 1955; x_wconf 80' lang='lat' dir='ltr'>harum</span> <span class='ocrx_word' id='word_1_97' title='bbox 1260 1873 1744 1972; x_wconf 84' lang='lat' dir='ltr'>summarum,</span> <span class='ocrx_word' id='word_1_98' title='bbox 1809 1881 1931 1957; x_wconf 88' lang='lat' dir='ltr'>seu</span> <span class='ocrx_word' id='word_1_99' title='bbox 1977 1880 2290 1982; x_wconf 86' lang='lat' dir='ltr'>ipsarum</span> <span class='ocrx_word' id='word_1_100' title='bbox 2323 1881 2834 1982; x_wconf 80' lang='lat' dir='ltr'>pyramidum,</span> <span class='ocrx_word' id='word_1_101' title='bbox 2878 1880 3251 1983; x_wconf 79' lang='lat' dir='ltr'>aequalem</span> <span class='ocrx_word' id='word_1_102' title='bbox 3293 1882 3438 1959; x_wconf 83' lang='lat' dir='ltr'>effe</span> <span class='ocrx_word' id='word_1_103' title='bbox 3480 1882 3729 1959; x_wconf 90' lang='lat' dir='ltr'>eidem</span> <span class='ocrx_word' id='word_1_104' title='bbox 3767 1883 4036 1959; x_wconf 87' lang='lat' dir='ltr'>rationi</span> <span class='ocrx_word' id='word_1_105' title='bbox 4079 1885 4274 1962; x_wconf 81' lang='lat' dir='ltr'>datae</span> 
     </span>
     <span class='ocr_line' id='line_1_12' title="bbox 955 2017 1260 2121; baseline 0.003 -27"><span class='ocrx_word' id='word_1_106' title='bbox 955 2017 1260 2121; x_wconf 63' lang='lat' dir='ltr'>bafiurm</span> 
     </span>
    </p>

    <p class='ocr_par' dir='ltr' id='par_1_5' title="bbox 857 2152 4278 2547">
     <span class='ocr_line' id='line_1_13' title="bbox 954 2152 4276 2266; baseline 0.002 -30"><span class='ocrx_word' id='word_1_107' title='bbox 954 2246 959 2257; x_wconf 28' lang='lat'><strong>⁴</strong></span> <span class='ocrx_word' id='word_1_108' title='bbox 1157 2164 1445 2240; x_wconf 89' lang='lat' dir='ltr'>Eodem</span> <span class='ocrx_word' id='word_1_109' title='bbox 1499 2167 1724 2243; x_wconf 88' lang='lat' dir='ltr'>modo</span> <span class='ocrx_word' id='word_1_110' title='bbox 1771 2167 2337 2243; x_wconf 87' lang='lat' dir='ltr'>demonstratur:</span> <span class='ocrx_word' id='word_1_111' title='bbox 2405 2176 2565 2244; x_wconf 88' lang='lat' dir='ltr'>tam</span> <span class='ocrx_word' id='word_1_112' title='bbox 2618 2166 2993 2263; x_wconf 81' lang='lat' dir='ltr'>cylindros</span> <span class='ocrx_word' id='word_1_113' title='bbox 3045 2162 3268 2265; x_wconf 78' lang='lat' dir='ltr'>q&#39;uam</span> <span class='ocrx_word' id='word_1_114' title='bbox 3333 2152 3557 2245; x_wconf 87' lang='lat' dir='ltr'>conos</span> <span class='ocrx_word' id='word_1_115' title='bbox 3617 2168 4086 2266; x_wconf 77' lang='lat' dir='ltr'>aeque-altos</span> <span class='ocrx_word' id='word_1_116' title='bbox 4137 2167 4276 2243; x_wconf 89' lang='lat' dir='ltr'>esse</span> 
     </span>
     <span class='ocr_line' id='line_1_14' title="bbox 857 2305 4278 2421; baseline 0.001 -37"><span class='ocrx_word' id='word_1_117' title='bbox 857 2305 863 2311; x_wconf 81' lang='grc'><strong><em>’</em></strong></span> <span class='ocrx_word' id='word_1_118' title='bbox 960 2305 1160 2384; x_wconf 87' lang='lat' dir='ltr'>inter</span> <span class='ocrx_word' id='word_1_119' title='bbox 1198 2307 1267 2382; x_wconf 91' lang='lat' dir='ltr'>se</span> <span class='ocrx_word' id='word_1_120' title='bbox 1306 2310 1420 2383; x_wconf 91' lang='lat' dir='ltr'>uti</span> <span class='ocrx_word' id='word_1_121' title='bbox 1459 2307 1701 2386; x_wconf 88' lang='lat' dir='ltr'>bases:</span> <span class='ocrx_word' id='word_1_122' title='bbox 1755 2331 1928 2385; x_wconf 91' lang='lat' dir='ltr'>cum</span> <span class='ocrx_word' id='word_1_123' title='bbox 1963 2309 2180 2385; x_wconf 86' lang='lat' dir='ltr'>solida</span> <span class='ocrx_word' id='word_1_124' title='bbox 2225 2310 2396 2387; x_wconf 84' lang='lat' dir='ltr'>haec</span> <span class='ocrx_word' id='word_1_125' title='bbox 2422 2309 2700 2386; x_wconf 90' lang='lat' dir='ltr'>limites</span> <span class='ocrx_word' id='word_1_126' title='bbox 2742 2308 2881 2385; x_wconf 87' lang='lat' dir='ltr'>fint</span> <span class='ocrx_word' id='word_1_127' title='bbox 2924 2309 3366 2409; x_wconf 87' lang='lat' dir='ltr'>prismatum</span> <span class='ocrx_word' id='word_1_128' title='bbox 3408 2324 3541 2389; x_wconf 87' lang='lat' dir='ltr'>aut</span> <span class='ocrx_word' id='word_1_129' title='bbox 3567 2311 4074 2421; x_wconf 87' lang='lat' dir='ltr'>pyramidum,</span> <span class='ocrx_word' id='word_1_130' title='bbox 4108 2332 4278 2409; x_wconf 82' lang='lat' dir='ltr'>quae</span> 
     </span>
     <span class='ocr_line' id='line_1_15' title="bbox 960 2446 2528 2547; baseline 0.001 -22"><span class='ocrx_word' id='word_1_131' title='bbox 960 2446 1653 2547; x_wconf 77' lang='lat' dir='ltr'>ipsis-inscribuntur</span> <span class='ocrx_word' id='word_1_132' title='bbox 1702 2449 1779 2527; x_wconf 72' lang='grc' dir='ltr'>δι</span> <span class='ocrx_word' id='word_1_133' title='bbox 1812 2450 2528 2527; x_wconf 75' lang='lat' dir='ltr'>circumscribuntur,</span> 
     </span>
    </p>
   </div>
   <div class='ocr_carea' id='block_1_5' title="bbox 956 2590 4380 4671">
    <p class='ocr_par' dir='ltr' id='par_1_6' title="bbox 964 2590 4285 2834">
     <span class='ocr_line' id='line_1_16' title="bbox 1168 2590 4285 2694; baseline 0.001 -27"><span class='ocrx_word' id='word_1_134' title='bbox 1168 2591 1369 2667; x_wconf 86' lang='lat' dir='ltr'>Hinc</span> <span class='ocrx_word' id='word_1_135' title='bbox 1415 2591 1643 2667; x_wconf 87' lang='lat' dir='ltr'>etiam</span> <span class='ocrx_word' id='word_1_136' title='bbox 1691 2590 1745 2666; x_wconf 85' lang='lat' dir='ltr'><strong>fi</strong></span> <span class='ocrx_word' id='word_1_137' title='bbox 1782 2590 2124 2688; x_wconf 83' lang='lat' dir='ltr'>cylinder</span> <span class='ocrx_word' id='word_1_138' title='bbox 2169 2591 2249 2669; x_wconf 73' lang='grc' dir='ltr'>ὅ(</span> <span class='ocrx_word' id='word_1_139' title='bbox 2285 2615 2514 2669; x_wconf 89' lang='lat' dir='ltr'>conus</span> <span class='ocrx_word' id='word_1_140' title='bbox 2572 2595 2787 2691; x_wconf 77' lang='lat' dir='ltr'>aeque</span> <span class='ocrx_word' id='word_1_141' title='bbox 2840 2592 2972 2669; x_wconf 89' lang='lat' dir='ltr'>alti</span> <span class='ocrx_word' id='word_1_142' title='bbox 3007 2594 3257 2673; x_wconf 86' lang='lat' dir='ltr'>eidem</span> <span class='ocrx_word' id='word_1_143' title='bbox 3303 2596 3451 2674; x_wconf 81' lang='lat' dir='ltr'>bafi</span> <span class='ocrx_word' id='word_1_144' title='bbox 3503 2597 3827 2677; x_wconf 67' lang='lat' dir='ltr'>insistant</span> <span class='ocrx_word' id='word_1_145' title='bbox 3860 2620 3879 2673; x_wconf 73' lang='grc' dir='ltr'><strong><em>ε</em></strong></span> <span class='ocrx_word' id='word_1_146' title='bbox 3952 2596 4285 2694; x_wconf 84' lang='lat' dir='ltr'>cylinder</span> 
     </span>
     <span class='ocr_line' id='line_1_17' title="bbox 964 2724 2726 2834; baseline -0.002 -23"><span class='ocrx_word' id='word_1_147' title='bbox 964 2733 1074 2811; x_wconf 84' lang='lat' dir='ltr'>est</span> <span class='ocrx_word' id='word_1_148' title='bbox 1114 2734 1382 2834; x_wconf 86' lang='lat' dir='ltr'>triplus</span> <span class='ocrx_word' id='word_1_149' title='bbox 1430 2734 1615 2810; x_wconf 88' lang='lat' dir='ltr'>coni.</span> <span class='ocrx_word' id='word_1_150' title='bbox 2721 2724 2726 2727; x_wconf 52' lang='lat'><em>⁷</em></span> 
     </span>
    </p>

    <p class='ocr_par' dir='ltr' id='par_1_7' title="bbox 965 2874 4380 3260">
     <span class='ocr_line' id='line_1_18' title="bbox 1169 2874 4380 2977; baseline 0 -22"><span class='ocrx_word' id='word_1_151' title='bbox 1169 2878 1369 2955; x_wconf 88' lang='lat' dir='ltr'>Hinc</span> <span class='ocrx_word' id='word_1_152' title='bbox 1403 2876 1648 2954; x_wconf 89' lang='lat' dir='ltr'>rursus</span> <span class='ocrx_word' id='word_1_153' title='bbox 1702 2878 2111 2977; x_wconf 89' lang='lat' dir='ltr'>superficies</span> <span class='ocrx_word' id='word_1_154' title='bbox 2159 2888 2316 2953; x_wconf 89' lang='lat' dir='ltr'>tam</span> <span class='ocrx_word' id='word_1_155' title='bbox 2358 2874 2858 2972; x_wconf 83' lang='lat' dir='ltr'>cylindrorum</span> <span class='ocrx_word' id='word_1_156' title='bbox 2918 2900 3141 2975; x_wconf 79' lang='lat' dir='ltr'>quam</span> <span class='ocrx_word' id='word_1_157' title='bbox 3193 2904 3549 2961; x_wconf 83' lang='lat' dir='ltr'>concrum</span> <span class='ocrx_word' id='word_1_158' title='bbox 3606 2885 3948 2962; x_wconf 74' lang='lat' dir='ltr'>similium</span> <span class='ocrx_word' id='word_1_159' title='bbox 3998 2884 4160 2958; x_wconf 89' lang='lat' dir='ltr'>sunt</span> <span class='ocrx_word' id='word_1_160' title='bbox 4204 2881 4286 2956; x_wconf 90' lang='lat' dir='ltr'>in</span> <span class='ocrx_word' id='word_1_161' title='bbox 4372 2885 4380 2892; x_wconf 83' lang='lat'>&#39;</span> 
     </span>
     <span class='ocr_line' id='line_1_19' title="bbox 965 3017 4284 3123; baseline -0.001 -25"><span class='ocrx_word' id='word_1_162' title='bbox 965 3019 1340 3118; x_wconf 84' lang='lat' dir='ltr'>duplicata</span> <span class='ocrx_word' id='word_1_163' title='bbox 1383 3017 1663 3092; x_wconf 88' lang='lat' dir='ltr'>ratione</span> <span class='ocrx_word' id='word_1_164' title='bbox 1705 3018 2239 3097; x_wconf 74' lang='lat' dir='ltr'>dimensionum</span> <span class='ocrx_word' id='word_1_165' title='bbox 2281 3019 2573 3095; x_wconf 89' lang='lat' dir='ltr'>suarum</span> <span class='ocrx_word' id='word_1_166' title='bbox 2607 3017 3205 3117; x_wconf 77' lang='lat' dir='ltr'>homologarum3</span> <span class='ocrx_word' id='word_1_167' title='bbox 3272 3023 3672 3102; x_wconf 84' lang='lat' dir='ltr'>soliditates</span> <span class='ocrx_word' id='word_1_168' title='bbox 3719 3034 3975 3101; x_wconf 89' lang='lat' dir='ltr'>autem</span> <span class='ocrx_word' id='word_1_169' title='bbox 4012 3023 4115 3123; x_wconf 14' lang='lat' dir='ltr'>‘in</span> <span class='ocrx_word' id='word_1_170' title='bbox 4162 3044 4284 3097; x_wconf 76' lang='lat' dir='ltr'>ea-⁴</span> 
     </span>
     <span class='ocr_line' id='line_1_20' title="bbox 967 3159 3398 3260; baseline -0 -22"><span class='ocrx_word' id='word_1_171' title='bbox 967 3162 1147 3238; x_wconf 82' lang='lat' dir='ltr'>dem</span> <span class='ocrx_word' id='word_1_172' title='bbox 1176 3161 1460 3237; x_wconf 88' lang='lat' dir='ltr'>ratione</span> <span class='ocrx_word' id='word_1_173' title='bbox 1498 3162 1883 3260; x_wconf 85' lang='lat' dir='ltr'>triplicata.</span> <span class='ocrx_word' id='word_1_174' title='bbox 3383 3159 3398 3168; x_wconf 79' lang='grc'><strong>“</strong></span> 
     </span>
    </p>

    <p class='ocr_par' dir='ltr' id='par_1_8' title="bbox 956 3297 4352 4671">
     <span class='ocr_line' id='line_1_21' title="bbox 1167 3297 4289 3408; baseline -0.002 -31"><span class='ocrx_word' id='word_1_175' title='bbox 1167 3303 1366 3378; x_wconf 88' lang='lat' dir='ltr'>Hinc</span> <span class='ocrx_word' id='word_1_176' title='bbox 1402 3303 1705 3377; x_wconf 87' lang='lat' dir='ltr'>tandem</span> <span class='ocrx_word' id='word_1_177' title='bbox 1753 3302 1998 3379; x_wconf 85' lang='lat' dir='ltr'>fluunt</span> <span class='ocrx_word' id='word_1_178' title='bbox 2036 3326 2415 3402; x_wconf 83' lang='lat' dir='ltr'>nunquam</span> <span class='ocrx_word' id='word_1_179' title='bbox 2460 3299 2631 3377; x_wconf 86' lang='lat' dir='ltr'>satis</span> <span class='ocrx_word' id='word_1_180' title='bbox 2670 3297 2972 3376; x_wconf 86' lang='lat' dir='ltr'>laudata</span> <span class='ocrx_word' id='word_1_181' title='bbox 3003 3302 3529 3388; x_wconf 69' lang='lat' dir='ltr'>Ancmmzms</span> <span class='ocrx_word' id='word_1_182' title='bbox 3575 3311 3881 3387; x_wconf 86' lang='lat' dir='ltr'>inventa</span> <span class='ocrx_word' id='word_1_183' title='bbox 3914 3309 4009 3386; x_wconf 93' lang='lat' dir='ltr'>de</span> <span class='ocrx_word' id='word_1_184' title='bbox 4043 3308 4289 3408; x_wconf 50' lang='lat' dir='ltr'>supera</span> 
     </span>
     <span class='ocr_line' id='line_1_22' title="bbox 968 3440 2143 3542; baseline -0.001 -21"><span class='ocrx_word' id='word_1_185' title='bbox 968 3443 1136 3521; x_wconf 79' lang='lat' dir='ltr'>flcie</span> <span class='ocrx_word' id='word_1_186' title='bbox 1170 3440 1249 3519; x_wconf 74' lang='grc' dir='ltr'>δε</span> <span class='ocrx_word' id='word_1_187' title='bbox 1286 3440 1645 3522; x_wconf 74' lang='lat' dir='ltr'>soliditate</span> <span class='ocrx_word' id='word_1_188' title='bbox 1679 3443 2143 3542; x_wconf 81' lang='lat' dir='ltr'>sphaerarum.</span> 
     </span>
     <span class='ocr_line' id='line_1_23' title="bbox 956 3553 4292 3688; baseline 0.002 -28"><span class='ocrx_word' id='word_1_189' title='bbox 956 3679 963 3686; x_wconf 28' lang='lat'>,</span> <span class='ocrx_word' id='word_1_190' title='bbox 1162 3585 1406 3682; x_wconf 85' lang='lat' dir='ltr'>Super</span> <span class='ocrx_word' id='word_1_191' title='bbox 1490 3586 1850 3660; x_wconf 88' lang='lat' dir='ltr'>diametro</span> <span class='ocrx_word' id='word_1_192' title='bbox 1899 3586 2189 3661; x_wconf 87' lang='lat' dir='ltr'>&#39;circuli</span> <span class='ocrx_word' id='word_1_193' title='bbox 2271 3597 2632 3682; x_wconf 85' lang='lat' dir='ltr'>tanquam</span> <span class='ocrx_word' id='word_1_194' title='bbox 2713 3608 2862 3658; x_wconf 86' lang='lat' dir='ltr'>axe</span> <span class='ocrx_word' id='word_1_195' title='bbox 2949 3583 3397 3661; x_wconf 84' lang='lat' dir='ltr'>describatur</span> <span class='ocrx_word' id='word_1_196' title='bbox 3481 3584 3743 3685; x_wconf 79' lang='lat' dir='ltr'>ellipsis</span> <span class='ocrx_word' id='word_1_197' title='bbox 3807 3553 4292 3688; x_wconf 79' lang='lat' dir='ltr'>quaecunque.</span> 
     </span>
     <span class='ocr_line' id='line_1_24' title="bbox 971 3723 4295 3832; baseline -0 -25"><span class='ocrx_word' id='word_1_198' title='bbox 971 3727 1353 3807; x_wconf 88' lang='lat' dir='ltr'>Diameter</span> <span class='ocrx_word' id='word_1_199' title='bbox 1397 3725 1563 3801; x_wconf 85' lang='lat' dir='ltr'>haec</span> <span class='ocrx_word' id='word_1_200' title='bbox 1609 3725 1888 3801; x_wconf 89' lang='lat' dir='ltr'>secetur</span> <span class='ocrx_word' id='word_1_201' title='bbox 1928 3723 2005 3798; x_wconf 93' lang='lat' dir='ltr'>in</span> <span class='ocrx_word' id='word_1_202' title='bbox 2049 3738 2295 3832; x_wconf 82' lang='lat' dir='ltr'>partes</span> <span class='ocrx_word' id='word_1_203' title='bbox 2339 3735 2814 3823; x_wconf 90' lang='lat' dir='ltr'>quotcunque</span> <span class='ocrx_word' id='word_1_204' title='bbox 2855 3723 3218 3820; x_wconf 76' lang='lat' dir='ltr'>aequale83</span> <span class='ocrx_word' id='word_1_205' title='bbox 3289 3723 3368 3801; x_wconf 76' lang='grc' dir='ltr'>δε</span> <span class='ocrx_word' id='word_1_206' title='bbox 3418 3727 3713 3824; x_wconf 89' lang='lat' dir='ltr'>utrique</span> <span class='ocrx_word' id='word_1_207' title='bbox 3749 3729 4008 3826; x_wconf 77' lang='lat' dir='ltr'>figurae</span> <span class='ocrx_word' id='word_1_208' title='bbox 4047 3731 4295 3807; x_wconf 68' lang='lat' dir='ltr'>inscri-</span> 
     </span>
     <span class='ocr_line' id='line_1_25' title="bbox 972 3864 4297 3972; baseline 0.001 -28"><span class='ocrx_word' id='word_1_209' title='bbox 972 3869 1245 3944; x_wconf 87' lang='lat' dir='ltr'>bantur</span> <span class='ocrx_word' id='word_1_210' title='bbox 1304 3864 1381 3943; x_wconf 86' lang='lat'>&amp;</span> <span class='ocrx_word' id='word_1_211' title='bbox 1435 3866 2113 3943; x_wconf 86' lang='lat' dir='ltr'>circumscribantur</span> <span class='ocrx_word' id='word_1_212' title='bbox 2163 3868 2586 3965; x_wconf 67' lang='lat' dir='ltr'>reflangula</span> <span class='ocrx_word' id='word_1_213' title='bbox 2630 3864 2729 3940; x_wconf 90' lang='lat' dir='ltr'>ad</span> <span class='ocrx_word' id='word_1_214' title='bbox 2779 3885 3115 3938; x_wconf 86' lang='lat' dir='ltr'>normam</span> <span class='ocrx_word' id='word_1_215' title='bbox 3168 3887 3461 3955; x_wconf 89' lang='lat' dir='ltr'>eorum,</span> <span class='ocrx_word' id='word_1_216' title='bbox 3562 3891 3735 3965; x_wconf 84' lang='lat' dir='ltr'>quae</span> <span class='ocrx_word' id='word_1_217' title='bbox 3787 3867 3865 3972; x_wconf 79' lang='lat'>§.</span> <span class='ocrx_word' id='word_1_218' title='bbox 3916 3898 3977 3948; x_wconf 91' lang='lat'>1.</span> <span class='ocrx_word' id='word_1_219' title='bbox 4029 3872 4169 3947; x_wconf 85' lang='lat' dir='ltr'>Ex.</span> <span class='ocrx_word' id='word_1_220' title='bbox 4225 3894 4297 3964; x_wconf 85' lang='lat'>3.</span> 
     </span>
     <span class='ocr_line' id='line_1_26' title="bbox 976 3992 4306 4106; baseline 0.001 -20"><span class='ocrx_word' id='word_1_221' title='bbox 976 4008 1379 4086; x_wconf 71' lang='lat' dir='ltr'>construsta</span> <span class='ocrx_word' id='word_1_222' title='bbox 1435 4011 1755 4085; x_wconf 86' lang='lat' dir='ltr'>fuerunt.</span> <span class='ocrx_word' id='word_1_223' title='bbox 1895 4009 2232 4086; x_wconf 90' lang='lat' dir='ltr'>Circulus</span> <span class='ocrx_word' id='word_1_224' title='bbox 2300 4009 2377 4084; x_wconf 85' lang='lat'><strong>&amp;</strong></span> <span class='ocrx_word' id='word_1_225' title='bbox 2438 4005 2702 4106; x_wconf 83' lang='lat' dir='ltr'>ellipsis</span> <span class='ocrx_word' id='word_1_226' title='bbox 2752 4007 3030 4083; x_wconf 89' lang='lat' dir='ltr'>limites</span> <span class='ocrx_word' id='word_1_227' title='bbox 3077 4006 3479 4105; x_wconf 67' lang='lat' dir='ltr'>{respestive</span> <span class='ocrx_word' id='word_1_228' title='bbox 3550 4009 3714 4086; x_wconf 87' lang='lat' dir='ltr'>sunt</span> <span class='ocrx_word' id='word_1_229' title='bbox 3773 4023 3929 4088; x_wconf 90' lang='lat' dir='ltr'>tam</span> <span class='ocrx_word' id='word_1_230' title='bbox 3988 3992 4306 4088; x_wconf 88' lang='lat' dir='ltr'>summa·-</span> 
     </span>
     <span class='ocr_line' id='line_1_27' title="bbox 974 4113 4352 4254; baseline 0 -28"><span class='ocrx_word' id='word_1_231' title='bbox 974 4175 1145 4226; x_wconf 88' lang='lat' dir='ltr'>rum</span> <span class='ocrx_word' id='word_1_232' title='bbox 1195 4113 1673 4226; x_wconf 75' lang='lat' dir='ltr'>crescentium</span> <span class='ocrx_word' id='word_1_233' title='bbox 1732 4152 2619 4249; x_wconf 84' lang='lat' dir='ltr'>parallelogrammorum,</span> <span class='ocrx_word' id='word_1_234' title='bbox 2687 4173 2856 4249; x_wconf 85' lang='lat' dir='ltr'>quae</span> <span class='ocrx_word' id='word_1_235' title='bbox 2900 4145 3064 4248; x_wconf 80' lang='lat' dir='ltr'>ipsis</span> <span class='ocrx_word' id='word_1_236' title='bbox 3114 4145 3640 4239; x_wconf 84' lang='lat' dir='ltr'>inscribuntur,</span> <span class='ocrx_word' id='word_1_237' title='bbox 3720 4175 3945 4254; x_wconf 90' lang='lat' dir='ltr'>quam</span> <span class='ocrx_word' id='word_1_238' title='bbox 3992 4153 4307 4230; x_wconf 82' lang='lat' dir='ltr'>summa·</span> <span class='ocrx_word' id='word_1_239' title='bbox 4345 4178 4352 4185; x_wconf 88' lang='lat'><strong>·</strong></span> 
     </span>
     <span class='ocr_line' id='line_1_28' title="bbox 972 4263 4304 4390; baseline -0.002 -16"><span class='ocrx_word' id='word_1_240' title='bbox 972 4318 1144 4375; x_wconf 87' lang='lat' dir='ltr'>rum</span> <span class='ocrx_word' id='word_1_241' title='bbox 1208 4292 1785 4369; x_wconf 87' lang='lat' dir='ltr'>decrescentium</span> <span class='ocrx_word' id='word_1_242' title='bbox 1848 4290 2694 4390; x_wconf 85' lang='lat' dir='ltr'>parallelogrammorum</span> <span class='ocrx_word' id='word_1_243' title='bbox 2720 4347 2741 4378; x_wconf 95' lang='lat'>,</span> <span class='ocrx_word' id='word_1_244' title='bbox 2819 4313 2986 4387; x_wconf 86' lang='lat' dir='ltr'>quae</span> <span class='ocrx_word' id='word_1_245' title='bbox 3047 4287 3215 4386; x_wconf 82' lang='lat' dir='ltr'>ipsis</span> <span class='ocrx_word' id='word_1_246' title='bbox 3285 4290 3995 4371; x_wconf 89' lang='lat' dir='ltr'>circumscribuntur.</span> <span class='ocrx_word' id='word_1_247' title='bbox 4149 4263 4304 4370; x_wconf 79' lang='lat' dir='ltr'>Sed</span> 
     </span>
     <span class='ocr_line' id='line_1_29' title="bbox 972 4429 4307 4531; baseline -0.002 -16"><span class='ocrx_word' id='word_1_248' title='bbox 972 4439 1280 4516; x_wconf 83' lang='lat' dir='ltr'>summae</span> <span class='ocrx_word' id='word_1_249' title='bbox 1325 4436 1918 4531; x_wconf 71' lang='lat' dir='ltr'>restangulorum</span> <span class='ocrx_word' id='word_1_250' title='bbox 1940 4431 1943 4434; x_wconf 74' lang='grc'><strong>’</strong></span> <span class='ocrx_word' id='word_1_251' title='bbox 1965 4432 2235 4509; x_wconf 90' lang='lat' dir='ltr'>circulo</span> <span class='ocrx_word' id='word_1_252' title='bbox 2284 4430 2362 4506; x_wconf 88' lang='lat'>&amp;</span> <span class='ocrx_word' id='word_1_253' title='bbox 2424 4429 2649 4530; x_wconf 87' lang='lat' dir='ltr'>ellipsi</span> <span class='ocrx_word' id='word_1_254' title='bbox 2683 4429 3189 4529; x_wconf 90' lang='lat' dir='ltr'>inscriptorum</span> <span class='ocrx_word' id='word_1_255' title='bbox 3231 4447 3364 4507; x_wconf 90' lang='lat' dir='ltr'>aut</span> <span class='ocrx_word' id='word_1_256' title='bbox 3398 4433 4106 4531; x_wconf 85' lang='lat' dir='ltr'>circumscriptorum</span> <span class='ocrx_word' id='word_1_257' title='bbox 4140 4433 4307 4508; x_wconf 90' lang='lat' dir='ltr'>sunt</span> 
     </span>
     <span class='ocr_line' id='line_1_30' title="bbox 975 4549 4309 4671; baseline -0.002 -15"><span class='ocrx_word' id='word_1_258' title='bbox 975 4579 1170 4657; x_wconf 89' lang='lat' dir='ltr'>inter</span> <span class='ocrx_word' id='word_1_259' title='bbox 1200 4549 1267 4654; x_wconf 86' lang='lat' dir='ltr'>se</span> <span class='ocrx_word' id='word_1_260' title='bbox 1313 4578 1390 4652; x_wconf 91' lang='lat' dir='ltr'>in</span> <span class='ocrx_word' id='word_1_261' title='bbox 1419 4578 1704 4651; x_wconf 87' lang='lat' dir='ltr'>ratione</span> <span class='ocrx_word' id='word_1_262' title='bbox 1736 4574 2093 4650; x_wconf 84' lang='lat' dir='ltr'>constanti</span> <span class='ocrx_word' id='word_1_263' title='bbox 2127 4573 2387 4671; x_wconf 89' lang='lat' dir='ltr'>prioris</span> <span class='ocrx_word' id='word_1_264' title='bbox 2419 4574 2583 4648; x_wconf 86' lang='lat' dir='ltr'>axis</span> <span class='ocrx_word' id='word_1_265' title='bbox 2632 4570 2895 4671; x_wconf 87' lang='lat' dir='ltr'>ellipsis</span> <span class='ocrx_word' id='word_1_266' title='bbox 2948 4572 3044 4648; x_wconf 88' lang='lat' dir='ltr'>ad</span> <span class='ocrx_word' id='word_1_267' title='bbox 3090 4600 3311 4652; x_wconf 85' lang='lat' dir='ltr'>axem</span> <span class='ocrx_word' id='word_1_268' title='bbox 3366 4575 3438 4650; x_wconf 88' lang='lat' dir='ltr'>ei</span> <span class='ocrx_word' id='word_1_269' title='bbox 3469 4571 3977 4671; x_wconf 86' lang='lat' dir='ltr'>conjugatum.</span> <span class='ocrx_word' id='word_1_270' title='bbox 4103 4572 4309 4671; x_wconf 85' lang='lat' dir='ltr'>Ergo</span> 
     </span>
    </p>
   </div>
   <div class='ocr_carea' id='block_1_6' title="bbox 800 4695 3862 4813">
    <p class='ocr_par' dir='ltr' id='par_1_9' title="bbox 800 4695 3862 4813">
     <span class='ocr_line' id='line_1_31' title="bbox 800 4695 3862 4813; baseline -0.002 -19"><span class='ocrx_word' id='word_1_271' title='bbox 800 4785 811 4794; x_wconf 81' lang='grc'>,</span> <span class='ocrx_word' id='word_1_272' title='bbox 972 4723 1206 4808; x_wconf 79' lang='lat' dir='ltr'>etiam</span> <span class='ocrx_word' id='word_1_273' title='bbox 1264 4718 1578 4796; x_wconf 88' lang='lat' dir='ltr'>circulus</span> <span class='ocrx_word' id='word_1_274' title='bbox 1617 4695 1697 4792; x_wconf 66' lang='grc' dir='ltr'>δε</span> <span class='ocrx_word' id='word_1_275' title='bbox 1748 4712 2010 4813; x_wconf 80' lang='lat' dir='ltr'>ellipsis</span> <span class='ocrx_word' id='word_1_276' title='bbox 2058 4714 2223 4791; x_wconf 89' lang='lat' dir='ltr'>sunt</span> <span class='ocrx_word' id='word_1_277' title='bbox 2261 4719 2452 4792; x_wconf 89' lang='lat' dir='ltr'>inter</span> <span class='ocrx_word' id='word_1_278' title='bbox 2502 4716 2569 4792; x_wconf 92' lang='lat' dir='ltr'>se</span> <span class='ocrx_word' id='word_1_279' title='bbox 2608 4715 2685 4790; x_wconf 91' lang='lat' dir='ltr'>in</span> <span class='ocrx_word' id='word_1_280' title='bbox 2709 4699 2994 4790; x_wconf 87' lang='lat' dir='ltr'>ratione</span> <span class='ocrx_word' id='word_1_281' title='bbox 3052 4716 3228 4792; x_wconf 88' lang='lat' dir='ltr'>data</span> <span class='ocrx_word' id='word_1_282' title='bbox 3267 4716 3540 4791; x_wconf 90' lang='lat' dir='ltr'>horum</span> <span class='ocrx_word' id='word_1_283' title='bbox 3585 4714 3862 4788; x_wconf 87' lang='lat' dir='ltr'>axium.</span> 
     </span>
    </p>
   </div>
   <div class='ocr_carea' id='block_1_7' title="bbox 1168 4852 4314 5096">
    <p class='ocr_par' dir='ltr' id='par_1_10' title="bbox 1168 4852 4314 5096">
     <span class='ocr_line' id='line_1_32' title="bbox 1168 4852 4314 4959; baseline -0.001 -23"><span class='ocrx_word' id='word_1_284' title='bbox 1168 4860 1524 4937; x_wconf 87' lang='lat' dir='ltr'>Similiter</span> <span class='ocrx_word' id='word_1_285' title='bbox 1572 4856 2021 4956; x_wconf 88' lang='lat' dir='ltr'>comparatio</span> <span class='ocrx_word' id='word_1_286' title='bbox 2086 4857 2493 4934; x_wconf 88' lang='lat' dir='ltr'>instituitur</span> <span class='ocrx_word' id='word_1_287' title='bbox 2543 4857 2845 4959; x_wconf 83' lang='lat' dir='ltr'>sphaerae</span> <span class='ocrx_word' id='word_1_288' title='bbox 2895 4855 2972 4933; x_wconf 86' lang='lat'>&amp;</span> <span class='ocrx_word' id='word_1_289' title='bbox 3021 4852 3449 4954; x_wconf 75' lang='lat' dir='ltr'>ellipsoi‘diS,</span> <span class='ocrx_word' id='word_1_290' title='bbox 3529 4857 3894 4934; x_wconf 87' lang='lat' dir='ltr'>rotatione</span> <span class='ocrx_word' id='word_1_291' title='bbox 3937 4856 4190 4933; x_wconf 88' lang='lat' dir='ltr'>circuli</span> <span class='ocrx_word' id='word_1_292' title='bbox 4233 4854 4314 4932; x_wconf 73' lang='lat' dir='ltr'>dc</span> 
     </span>
     <span class='ocr_line' id='line_1_33' title="bbox 4045 4994 4313 5096; baseline 0 -25"><span class='ocrx_word' id='word_1_293' title='bbox 4045 4994 4313 5096; x_wconf 81' lang='lat' dir='ltr'>ellipsis</span> 
     </span>
    </p>
   </div>
  </div>
 </body>
</html>
