4733 5844
3725 448 3815 520 41

731 595 1056 689 scholium.
1160 590 1283 668 Sic
1315 592 1821 691 exceptionem
1867 587 2023 668 tolli
2071 592 2321 668 censeo
2358 588 2844 666 communiter
2882 586 3030 665 huc
3067 592 3302 699 usquc
3368 606 3813 694 praeceptam

529 738 1038 836 integrationis
1078 739 1409 816 formulae
1454 694 1572 802 §E—
1630 775 1702 803 ===
1828 714 1859 763 ¹

531 905 810 978 tionem
850 903 1280 999 integralem
1322 810 1502 1005 ΡΣ
1517 835 1684 993 ,ξ’-Ι-
1728 818 2089 999 {fison
2114 921 2119 925 ’
2145 901 2343 975 sensu
2382 903 2678 975 omnino
2720 901 3012 989 cassam,
3065 876 3141 977 δὲ
3181 926 3402 999 quam
3457 904 3623 1001 ideo
3670 909 3810 983 alia

530 1042 881 1116 methodo
920 1045 1281 1141 explicare
1322 1046 1827 1123 mathematici
1870 1045 2402 1119 allaborarunt:
2458 1063 2629 1115 cum
2671 1039 3140 1126 ostenderim,
3172 1041 3565 1118 formulam
3601 1046 3804 1121 illam

1987 774 2057 804 =
2110 736 2477 836 (a4x)·1,
2545 712 2709 832 quae
2750 737 3113 813 deducere
3155 739 3447 814 videtur
3490 743 3585 815 ad
3630 744 3827 818 tela--

529 1191 788 1263 eodem
874 1190 1157 1290 prorsus
1226 1193 1448 1267 modo
1512 1196 1785 1281 evolvi,
1868 1214 2013 1287 quo
2083 1188 2398 1264 formula
2477 1186 2838 1281 generalis
2907 1136 3050 1331 (ἐς
3098 1222 3169 1252 ===
3232 1194 3414 1295 (ez-1·
3437 1190 3574 1288 x)¹¹
3594 1246 3614 1276 ,
3686 1193 3810 1267 seu
3906 1299 3911 1303 .

518 1352 596 1482 ¹P
642 1436 712 1467 ==
762 1406 831 1477 C
873 1416 950 1493 -l-
1010 1380 1629 1505 -L-(a'4-x)n÷1;
1682 1405 1933 1479 addita
1963 1400 2414 1490 conditione,
2461 1400 2656 1496 quod
2687 1398 3098 1489 evanescat,
3169 1402 3219 1476 fi
3262 1388 3312 1474 jc
3344 1439 3415 1468 =
3449 1430 3516 1478 0.
3595 1402 3806 1498 (Vid.

530 1579 801 1666 praeter
835 1482 1405 1653 aliosqzq-Eiumm
1447 1568 1741 1639 Calculus
1772 1566 2127 1661 integralis,
2174 1564 2256 1639 T.
2292 1565 2343 1638 Ι.
2386 1588 2550 1663 pag.
2590 1568 2704 1641 26.
2741 1564 2819 1640 &
2855 1585 2962 1661 27.
3009 1567 3138 1642 ubi
3178 1542 3463 1642 illustris
3505 1568 3627 1643 hic
3653 1569 3813 1669 Ma-

533 1709 979 1782 thematicus
1025 1707 1289 1781 iterata
1334 1711 1492 1784 vice
1539 1707 2049 1807 exceptionem
2093 1704 2289 1779 illam
2337 1704 2717 1799 affirmat.)
2828 1706 2975 1803 Ipse
3027 1708 3336 1782 eandem
3385 1678 3815 1783 sententiam

529 1843 872 1945 professus
915 1844 1023 1919 fui
1072 1847 1145 1920 in
1197 1847 1738 1923 Differtatione:
1810 1848 2183 1944 Exptfition
2229 1847 2614 1917 elementaire
2663 1850 2767 1918 des
2811 1846 3140 1941 Principes
3185 1855 3291 1919 des
3337 1849 3584 1920 Calculs
3613 1838 3815 1943 su'pe-

527 1989 736 2056 rieurs
781 2007 945 2086 pag.
999 2012 1111 2082 93.
1232 1990 1644 2065 Fatendum
1696 2000 1945 2063 tamen
1971 2046 1990 2077 ‚
2063 1987 2301 2061 casum
2347 1989 2548 2062 hunc
2590 2013 2633 2063 a
2675 1987 2973 2084 reliquis
3029 1987 3333 2063 eatenus
3384 1988 3521 2063 effe
3573 1988 3817 2065 distin-

526 2126 937 2223 guendum,
990 2126 1188 2224 quod
1230 2119 1631 2202 substraffio
1670 2128 1993 2204 indicata
2041 2128 2446 2226 (a4x)n-l-1
2468 2128 2760 2199 -an-l-1
2807 2128 3097 2226 peragi,
3151 2128 3226 2204 &
3271 2127 3624 2228 divisione
3650 2129 3813 2203 aaa

525 2266 853 2342 instituta
898 2266 1120 2343 fattor
1172 2277 1307 2357 0⁸4
1329 2292 1364 2342 1
1411 2267 1567 2345 tolli
1618 2269 2002 2345 neceffario
2051 2270 2348 2358 debeat,
2414 2283 2500 2345 ut
2540 2242 2868 2379 'formula
2911 2268 3386 2364 intelligibilis
3437 2292 3812 2364 emergere

525 2406 751 2504 poffit.
1166 2490 1176 2503 ‚
3585 2390 3597 2402 ⁸
3748 2422 3758 2431 ²

672 2590 675 2595 -
721 2550 1089 2643 obfirmatio
1132 2571 1196 2626 2·
1295 2548 1489 2626 Data
1517 2532 1866 2626 relatione
1912 2562 2169 2629 mutua
2212 2549 2525 2629 duarum
2571 2554 2982 2656 pluriumve
3031 2553 3526 2651 quantitatum
3570 2566 3815 2628 muta-

525 2684 820 2776 bilium,
864 2693 1065 2766 ¹ratio
1116 2688 1618 2767 differentialis
1668 2694 2064 2769 earundem
2113 2694 2390 2790 semper
2445 2696 2675 2790 potest
2723 2670 3069 2778 obtineri,
3135 2694 3446 2787 ideoque
3471 2692 3809 2781 *calculus

518 2826 1029 2936 differentialis
1069 2830 1298 2930 potest
1342 2831 1489 2905 dici
1535 2831 1950 2905 omnimode
1993 2833 2421 2932 completus,
2524 2837 2727 2919 Idem
2763 2858 2908 2907 non
2942 2832 3138 2906 valet
3183 2831 3274 2905 de
3315 2832 3590 2906 calculo
3626 2833 3814 2905 inte-

515 2970 723 3062 grali.
862 2969 1158 3049 Scilicet
1211 2947 1383 3049 data
1418 2973 1701 3047 ratione
1733 2967 2197 3048 differentiali
2236 2976 2546 3052 duarum
2581 2978 2992 3075 pluriumve
3035 2969 3530 3068 quantitatum
3571 2983 3815 3046 muta-

515 3110 771 3183 bilium
827 3136 973 3189 non
1028 3115 1302 3213 semper
1365 3114 1674 3188 obtineri
1728 3113 1960 3210 potest
2016 3114 2276 3188 relatio
2335 3135 2590 3189 earum
2639 3115 3037 3210 integralis.
3157 3113 3441 3208 Nempe
3491 3131 3637 3184 non
3683 3112 3812 3185 ob-

521 3246 871 3324 stantibus
931 3248 1216 3321 affiduis
1285 3250 1883 3342 sagaciffimorum
1929 3255 2637 3336 'mathematicorum
2704 3254 2954 3346 studiis
3039 3250 3362 3328 calculus
3432 3248 3816 3350 integralis·

514 3388 758 3461 adhuc
808 3387 884 3460 in
942 3385 1319 3462 cunabulis
1363 3385 1597 3481 jacet3
1691 3408 1827 3459 nec
1870 3387 2019 3461 ulla
2074 3371 2329 3483 regula
2382 3396 2678 3476 omnino
2742 3387 3101 3485 generalis
3151 3388 3407 3485 praesto
3468 3388 3604 3461 ess'e
3661 3385 3809 3460 dici

513 3526 785 3624 potest,
851 3526 997 3623 qua
1040 3545 1295 3598 omnes
1340 3493 1636 3597 omnino
1691 3524 2025 3599 formulae
2073 3525 2328 3622 poflint
2375 3528 2470 3601 ad
2519 3530 3082 3626 integrationem
3125 3528 3442 3623 perduci.
3529 3525 3810 3620 (Quid-

515 3669 692 3765 quid
723 3668 863 3769 hoc
908 3665 1224 3765 respettu
1265 3663 1653 3763 speraverit
1700 3663 2020 3757 sagaciss.
2059 3667 2197 3739 Dn.
2221 3665 2609 3742 Paccassr.
2698 3668 2889 3745 Vide
2911 3667 3344 3769 Pbyfikalfihe
3363 3667 3667 3759 Arbeiten
3696 3667 3808 3735 der
3907 3753 3910 3754 γ

511 3813 962 3906 ιὶηἰνᾶιήῆὲεη
995 3812 1283 3880 Freunde
1327 3824 1418 3877 zu
1451 3801 1661 3879 Wen.
1717 3807 1968 3901 1786.)
3396 3814 3401 3819 ’
3626 3823 3637 3834 ·

496 3933 501 3938 ’
707 3950 1039 4027 Nimium
1086 3972 1129 4021 a
1174 3946 1376 4045 scopo
1415 3972 1581 4021 meo
1615 3945 2028 4036 abluderet,
2068 3941 2454 4036 formulae,
2506 3967 2813 4046 quarum
2836 3950 3362 4047 integrationes
3404 3948 3481 4022 in
3508 3951 3802 4048 promtu

514 4095 714 4179 sunt,
764 4111 1160 4186 exponere,
1211 4090 1480 4186 pariter
1518 4099 1738 4192 atque
1787 4079 2089 4160 artificia
2116 4142 2134 4171 ‚
2186 4110 2498 4183 quorum
2537 4088 2836 4163 subfidio
2869 4092 3199 4188 plurimae
3235 4088 3568 4164 sormulae
3610 4075 3818 4159 inte-⁴

514 4245 853 4331 grantur,
923 4249 1087 4324 quae
1145 4227 1412 4325 primas
1451 4225 1707 4302 calculi
1756 4193 2131 4320 integralis
2178 4226 2471 4320 regulas
2528 4225 2851 4324 effugere
2903 4201 3282 4318 ridentur,
3351 4241 3512 4303 tum
3558 4227 3636 4301 δε
3687 4223 3796 4298 in-

508 4386 731 4454 venta
773 4370 1011 4455 varia,
1054 4357 1324 4463 ⁴quibus
1369 4368 1763 4461 integratio
1797 4366 2277 4441 formularum
2318 4361 2863 4466 complexurum
2908 4373 3003 4446 ad
3050 4369 3612 4467 integrationem
3657 4364 3794 4438 for-

509 4515 873 4590 mularum
926 4508 1204 4606 (specie
1238 4506 1539 4598 saltem)
1593 4507 2016 4606 simplicium
2058 4505 2531 4581 reducuntur.
2637 4505 3077 4586 Consulendi'
3116 4534 3281 4586 eam
3321 4513 3397 4585 in
3438 4529 3594 4582 rem
3635 4503 3794 4576 sunt

516 4623 874 4739 auttoreS,
920 4651 1042 4747 qui
1090 4651 1181 4723 de
1221 4647 1498 4723 calculo
1537 4629 2365 4744 integrali⁴scripserunt,
2437 4671 2523 4721 eo
2556 4648 2734 4734 fine,
2786 4663 2870 4723 ut
2910 4651 3139 4749 ipsum
3176 4649 3604 4748 perficerent
3658 4656 3789 4719 aut

510 4794 865 4870 tironibus
927 4791 1444 4888 explanarent:
1548 4811 1732 4902 quos
1810 4791 2000 4866 inter
2057 4789 2431 4863 nominare
2490 4788 2792 4866 sufficiet
2856 4793 3176 4867 Coa-esu
3234 4787 3646 4863 Trattatum
3720 4793 3792 4856 de

2141 4928 2239 5002 E
3335 4987 3342 4994 .
3526 4989 3532 4995 .
3583 4919 3586 4924 ”
3626 4930 3803 4999 Har·
