4733 5844
972 407 1119 483 333
1162 405 1195 430 ·“
3611 483 3618 490 .

1174 554 1253 661 §.
1321 577 1508 654 225.·
1589 559 2016 654 Conceptus
2062 552 2362 634 afflonis
2428 550 2921 631 discontiuuae
2985 549 3195 632 fluidi
3259 551 3630 653 gravifici,
3712 555 4015 655 physico
4053 559 4188 641 'sua
4226 562 4303 645 se

976 700 1379 778 luculentia
1408 702 1967 787 commendans,
2016 699 2204 798 saepe
2243 698 2474 775 etiam
2509 694 3038 773 mathematico
3074 699 3508 775 commodus
3538 693 3663 775 est.
3763 697 4102 783 Theoriae
4132 707 4305 786 flui-

984 843 1247 938 dorum
1292 829 1804 918 continuorum
1835 898 1855 931 ,
1906 841 2365 918 elasticorum
2406 840 2681 939 pariter
2719 861 2808 914 ac
2848 864 2998 915 non
3040 834 3528 938 elasticorum,
3579 817 3983 921 admodum
4027 847 4302 950 imper-

982 983 1191 1062 sefiae
1241 983 1487 1058 adhuc
1535 982 1734 1070 sunt,
1814 982 2149 1080 quamvis
2212 982 2475 1058 summi
2524 980 2753 1080 hujus
2804 981 2880 1058 ἀ
2939 981 3317 1079 superioris
3365 982 3580 1058 seculi
3622 985 4133 1070 mathematici
4181 994 4307 1073 sua

981 1129 1123 1216 illis
1177 1126 1405 1206 studia
1456 1126 1982 1225 impenderint;
2055 1123 2132 1202 δι
2179 1144 2363 1222 quas
2410 1145 2455 1197 a
2504 1121 2724 1220 priori
2773 1120 3086 1199 stabilire
3133 1124 3429 1218 quidam
3472 1123 3775 1219 aggreffi
3830 1127 4027 1221 sunt,
4080 1159 4334 1236 exper

983 1273 1249 1347 rientia
1293 1270 1581 1346 evertit.
1686 1267 2257 1365 Consequentias
2298 1260 2857 1362 principiorum,
2910 1286 3076 1360 quae
3119 1291 3249 1366 pro
3284 1266 3569 1344 basibus
3608 1267 4023 1371 sumuntur,
4076 1276 4307 1374 perse-

989 1414 1117 1509 qui
1168 1408 1774 1487 exercitatissimis
1824 1418 2119 1484 tantum
2158 1405 2722 1482 calculatoribus
2765 1407 3005 1483 datur.
3108 1408 3284 1485 Alia
3327 1375 3427 1483 est
3473 1408 3661 1484 ratio
3702 1410 4011 1490 theoriae
4044 1415 4307 1495 fluido·

980 1577 1148 1632 rum
1189 1553 1680 1630 discretorum.
1798 1549 2161 1648 Principia
2208 1545 2376 1647 ejus
2424 1546 3077 1667 suntindubitata3
3133 1549 3210 1625 δε
3257 1551 3794 1649 consequentiae
3815 1555 4155 1641 ,dedustu
4198 1557 4309 1633 fa-

984 1694 1197 1787 ciles3
1269 1696 1487 1793 quod2
1514 1694 1773 1771 calculi
1819 1692 1987 1769 Dni.
2030 1691 2147 1766 LE
2180 1690 2392 1768 SAGE
2445 1675 2962 1789 comprobant,
3014 1689 3140 1789 qu'i
3187 1716 3281 1768 ne
3328 1693 3604 1792 primas
3650 1696 3953 1793 quidem
3993 1697 4310 1774 calculo·

986 1859 1155 1914 rum
1206 1835 1651 1934 superiorum
1690 1837 2027 1912 notiones
2065 1832 2400 1928 exigunt.

1181 2009 1259 2114 §.
1313 2011 1474 2085 226.
1577 2006 1717 2081 Ex.
1754 2027 1862 2100 gr.
1915 2005 2178 2082 Galilei
2216 2006 2339 2081 lex
2376 2006 2931 2083 accelerationis
2962 2007 3301 2105 gravium
3354 2006 3687 2107 (physice
3719 2010 4121 2113 intellecta)
4171 2015 4313 2091 im..

986 2154 1307 2234 mediate
1356 2173 1452 2229 ex
1498 2147 1776 2223 afflone
1827 2145 2035 2224 fluidi
2090 2145 2462 2245 ejusmodi
2509 2145 2992 2244 consequitur.
3096 2148 3291 2225 Cum
3324 2148 3862 2231 incrementum
3895 2155 4312 2235 velocitatis

988 2294 1324 2414 gravium
1368 2291 1727 2368 debeatur
1779 2288 2048 2377 fluido,
2114 2285 2589 2387 tempusculis
2635 2286 3047 2385 aequalibus
3089 2314 3220 2390 per
3265 2291 3613 2392 impulsus
3652 2296 3976 2392 aequales
4021 2301 4307 2395 agenti:

898 2447 901 2450 ’
994 2435 1330 2512 celeritas
1352 2439 1403 2520 ,‘
1438 2453 1660 2528 quam
1708 2431 1959 2540 gravia
2015 2440 2348 2530 tempore
2406 2430 2712 2509 sensibili
2770 2432 3191 2529 acquirunt,
3256 2457 3566 2512 numero
3621 2436 3885 2518 harum
3948 2439 4321 2541 impulfio-

1000 2599 1218 2667 num;
1289 2573 1593 2672 proinde
1643 2571 1961 2670 tempori
1997 2573 2557 2670 proportionalis
2588 2572 2726 2663 est,
2790 2596 2938 2672 quo
2975 2598 3275 2675 corpora
3313 2576 3475 2654 illas
3517 2578 3681 2656 sunt
3722 2595 4053 2680 expertas
4159 2583 4316 2664 {m-

994 2719 1273 2795 medite
1317 2715 1545 2812 igitur
1585 2713 2080 2810 consequitur,
2133 2715 2270 2790 effe
2316 2739 2357 2786 v
2395 2740 2473 2795 m
2517 2730 2562 2787 t.
3987 2705 3995 2714 “

1190 2872 1390 2949 Hinc
1436 2867 1659 2968 spatia
1698 2864 2169 2968 tempusculis
2205 2871 2615 2968 aequalibus
2652 2867 3052 2948 succeffivis
3095 2871 3460 2982 percursa,
3514 2881 3774 2971 utpote
3816 2869 4321 2955 celeritatibus

1001 3013 1368 3112 acquisitis
1409 3009 2008 3109 proportionalia,
2061 3011 2337 3109 pariter
2382 3002 2711 3091 crescunt
2753 3016 2869 3091 uti
2909 3026 3275 3113 tempora,
3342 3013 3643 3112 proinde
3681 3014 3794 3086 uti
3842 3019 4134 3091 numeri
4184 3040 4325 3091 na-

1001 3155 1274 3231 turales
1294 3175 1314 3243 3
1386 3150 1461 3227 &
1505 3150 1728 3249 spatia
1772 3149 1944 3225 inde
1990 3150 2080 3224 ab
2119 3150 2330 3228 initio
2370 3169 2619 3231 motus
2666 3155 2992 3256 percursa
3036 3140 3364 3229 crescunt
3409 3154 3522 3227 uti
3569 3155 3858 3228 numeri
3907 3155 4334 3251 triangul&

998 3321 1118 3377 res
1177 3315 1652 3369 numerorum
1707 3300 2254 3366 momentorum
2307 3295 2605 3374 illorum
2664 3298 3040 3396 temporis,
3179 3294 3331 3387 Sed
3387 3314 3864 3369 numerorum
3911 3293 4325 3391 triangula-

982 3442 1187 3515 ·rium
1237 3435 1424 3510 ratio
1465 3456 1554 3507 eo
1602 3432 1900 3533 propius
1938 3432 2228 3509 accedit
2266 3436 2363 3513 ad
2410 3440 3301 3516 rati'onem’numerorum
3344 3434 3871 3533 quadratorum
3902 3435 4321 3536 correspon-

1001 3579 1377 3663 dentiam,
1445 3596 1590 3671 quo
1632 3571 1953 3672 majores
1994 3576 2159 3652 sunt
2186 3580 2508 3670 numeri,
2562 3583 2691 3681 qui
2725 3582 3042 3682 ipsorum
3079 3577 3252 3653 sunt*
3282 3577 3569 3654 radices
3619 3575 3736 3680 (§·
3775 3579 3957 3668 20·)‘
4059 3576 4321 3673 Itaque
4401 3666 4406 3679 ·

1000 3718 1224 3819 spatia
1261 3713 1586 3814 percursa
1632 3739 1721 3791 eo
1754 3720 2170 3795 accuratius
2199 3723 2762 3821 proportionalia
2802 3723 2964 3799 sunt
3001 3720 3377 3818 quadratis
3414 3732 3832 3819 temporum
3869 3717 4310 3816 elapsurum,

1002 3885 1149 3959 quo
1184 3858 1399 3958 'plura
1440 3857 1749 3952 quodvis
1784 3871 2078 3960 tempus
2121 3861 2440 3937 sensibile
2480 3865 2810 3938 continet
2847 3858 3335 3960 tempuscula,
3388 3860 3677 3939 duobus
3715 3856 3944 3936 causae
3983 3855 4321 3937 metricis

1002 3998 1433 4100 impulsibus
1475 3997 1903 4078 immediate
1940 4002 2082 4078 sese
2113 4001 2724 4123 consequentibus
2762 3999 3170 4100 interJecta.

1204 4162 1281 4267 §.
1340 4188 1500 4265 227.
1602 4168 1941 4268 Optabile
1977 4171 2126 4249 fine
2176 4173 2402 4252 dubio
2446 4176 2670 4285 foret,
2718 4180 2808 4247 ut
2837 4162 3385 4264 mathematicis
3423 4161 3701 4264 semper
3744 4162 4004 4241 liceret
4050 4165 4328 4243 eadem

1006 4307 1361 4385 facilitate
1411 4308 2343 4416 consequentiasprincipii
2384 4314 2674 4389 affumti
2717 4312 3110 4388 deducere.
3147 4376 3152 4383 .
3209 4306 3748 4403 Magis.autem
3793 4303 4051 4383 assueti
4092 4330 4330 4405 expo-

1008 4457 1355 4532 nentibus
1399 4426 2004 4538 differentiafibus
2067 4415 2152 4601 {j
2194 4497 2268 4561 ς
2316 4487 2396 4552 v,
2459 4412 2552 4603 ἐξ
2584 4482 2772 4548 =p‚
2821 4457 3128 4555 aliisque
3162 4451 3548 4546 sunilibus3
3601 4444 4330 4554 quam-expreffioni-

1008 4624 1147 4699 bus
1184 4646 1311 4720 per
1351 4622 1806 4705 differentias
1842 4602 2145 4716 finitas,
2191 4648 2359 4726 quae
2409 4627 2554 4704 illis
2596 4624 3069 4725 respondent:
3134 4620 3408 4720 priores
3440 4615 3746 4717 tradate
3787 4619 4331 4719 expressiones»,

1006 4785 1230 4860 quam
1269 4763 1731 4862 posterioreS,
1780 4773 2022 4867 magis
2060 4771 2215 4848 fer'e
2265 4768 2382 4872 (in
2419 4767 3100 4868 investigationibus
3137 4763 3539 4866 praesertim
3580 4761 3886 4863 prolixis
3923 4785 4022 4838 ac
4039 4761 4331 4839 diffici-

4113 4897 4333 4974 linri-
