<?xml version="1.0" encoding="UTF-8"?>
<!DOCTYPE html PUBLIC "-//W3C//DTD XHTML 1.0 Transitional//EN"
    "http://www.w3.org/TR/xhtml1/DTD/xhtml1-transitional.dtd">
<html xmlns="http://www.w3.org/1999/xhtml" xml:lang="en" lang="en">
 <head>
  <title>
</title>
<meta http-equiv="Content-Type" content="text/html;charset=utf-8" />
  <meta name='ocr-system' content='tesseract 3.04.00' />
  <meta name='ocr-capabilities' content='ocr_page ocr_carea ocr_par ocr_line ocrx_word'/>
</head>
<body>
  <div class='ocr_page' id='page_1' title='image "./principiorumcal00lhugoog/principiorumcal00lhugoog_0171.png"; bbox 0 0 4733 5844; ppageno 0'>
   <div class='ocr_carea' id='block_1_1' title="bbox 3663 394 3800 467">
    <p class='ocr_par' dir='ltr' id='par_1_1' title="bbox 3663 394 3800 467">
     <span class='ocr_line' id='line_1_1' title="bbox 3663 394 3800 467; baseline 0.022 -20"><span class='ocrx_word' id='word_1_1' title='bbox 3663 394 3800 467; x_wconf 83' lang='lat'>131</span> 
     </span>
    </p>
   </div>
   <div class='ocr_carea' id='block_1_2' title="bbox 497 529 3837 4901">
    <p class='ocr_par' dir='ltr' id='par_1_2' title="bbox 512 521 3835 1346">
     <span class='ocr_line' id='line_1_2' title="bbox 521 529 3835 638; baseline 0 -14"><span class='ocrx_word' id='word_1_2' title='bbox 521 559 704 625; x_wconf 75' lang='lat' dir='ltr'>rum‘</span> <span class='ocrx_word' id='word_1_3' title='bbox 734 549 1095 628; x_wconf 67' lang='lat' dir='ltr'>rectarum</span> <span class='ocrx_word' id='word_1_4' title='bbox 1133 529 1352 621; x_wconf 81' lang='lat' dir='ltr'>unica</span> <span class='ocrx_word' id='word_1_5' title='bbox 1400 542 1536 629; x_wconf 90' lang='lat' dir='ltr'>est,</span> <span class='ocrx_word' id='word_1_6' title='bbox 1603 542 1708 617; x_wconf 88' lang='lat' dir='ltr'>ita</span> <span class='ocrx_word' id='word_1_7' title='bbox 1750 541 1978 617; x_wconf 89' lang='lat' dir='ltr'>etiam</span> <span class='ocrx_word' id='word_1_8' title='bbox 2030 537 2176 613; x_wconf 92' lang='lat' dir='ltr'>dici</span> <span class='ocrx_word' id='word_1_9' title='bbox 2230 538 2486 636; x_wconf 90' lang='lat' dir='ltr'>nequit</span> <span class='ocrx_word' id='word_1_10' title='bbox 2526 536 3169 638; x_wconf 83' lang='lat' dir='ltr'>impoffibilitatem</span> <span class='ocrx_word' id='word_1_11' title='bbox 3219 542 3553 621; x_wconf 89' lang='lat' dir='ltr'>occursus</span> <span class='ocrx_word' id='word_1_12' title='bbox 3589 549 3835 625; x_wconf 87' lang='lat' dir='ltr'>mutui</span> 
     </span>
     <span class='ocr_line' id='line_1_3' title="bbox 522 670 3834 786; baseline -0 -21"><span class='ocrx_word' id='word_1_13' title='bbox 522 690 836 778; x_wconf 89' lang='lat' dir='ltr'>duarum</span> <span class='ocrx_word' id='word_1_14' title='bbox 876 688 1236 782; x_wconf 85' lang='lat' dir='ltr'>linearum</span> <span class='ocrx_word' id='word_1_15' title='bbox 1266 689 1440 772; x_wconf 89' lang='lat' dir='ltr'>AB,</span> <span class='ocrx_word' id='word_1_16' title='bbox 1488 686 1567 756; x_wconf 83' lang='lat' dir='ltr'>ab</span> <span class='ocrx_word' id='word_1_17' title='bbox 1601 682 1960 782; x_wconf 85' lang='lat' dir='ltr'>majorem</span> <span class='ocrx_word' id='word_1_18' title='bbox 1994 682 2138 757; x_wconf 86' lang='lat' dir='ltr'>esse</span> <span class='ocrx_word' id='word_1_19' title='bbox 2179 693 2310 755; x_wconf 87' lang='lat' dir='ltr'>aut</span> <span class='ocrx_word' id='word_1_20' title='bbox 2339 681 2740 769; x_wconf 87' lang='lat' dir='ltr'>minorem,</span> <span class='ocrx_word' id='word_1_21' title='bbox 2789 682 3031 779; x_wconf 91' lang='lat' dir='ltr'>prouti</span> <span class='ocrx_word' id='word_1_22' title='bbox 3059 682 3256 760; x_wconf 87' lang='lat' dir='ltr'>linea</span> <span class='ocrx_word' id='word_1_23' title='bbox 3285 686 3422 759; x_wconf 89' lang='lat' dir='ltr'>AB</span> <span class='ocrx_word' id='word_1_24' title='bbox 3456 670 3834 786; x_wconf 60' lang='lat' dir='ltr'>est&#39;major</span> 
     </span>
     <span class='ocr_line' id='line_1_4' title="bbox 522 801 3832 928; baseline -0 -21"><span class='ocrx_word' id='word_1_25' title='bbox 522 842 652 907; x_wconf 90' lang='lat' dir='ltr'>aut</span> <span class='ocrx_word' id='word_1_26' title='bbox 713 801 1002 921; x_wconf 83' lang='lat' dir='ltr'>minor3</span> <span class='ocrx_word' id='word_1_27' title='bbox 1082 827 1204 904; x_wconf 90' lang='lat' dir='ltr'>seu</span> <span class='ocrx_word' id='word_1_28' title='bbox 1257 827 1543 925; x_wconf 86' lang='lat' dir='ltr'>fignum</span> <span class='ocrx_word' id='word_1_29' title='bbox 1587 822 2170 925; x_wconf 85' lang='lat' dir='ltr'>impoffibilitatis</span> <span class='ocrx_word' id='word_1_30' title='bbox 2219 828 2268 917; x_wconf 64' lang='grc' dir='ltr'>-ξς</span> <span class='ocrx_word' id='word_1_31' title='bbox 2315 823 2419 899; x_wconf 90' lang='lat' dir='ltr'>est</span> <span class='ocrx_word' id='word_1_32' title='bbox 2478 823 2765 921; x_wconf 78' lang='lat' dir='ltr'>lignum</span> <span class='ocrx_word' id='word_1_33' title='bbox 2810 824 3112 901; x_wconf 90' lang='lat' dir='ltr'>unicum</span> <span class='ocrx_word' id='word_1_34' title='bbox 3134 881 3154 914; x_wconf 91' lang='lat'>,</span> <span class='ocrx_word' id='word_1_35' title='bbox 3228 849 3691 928; x_wconf 81' lang='lat' dir='ltr'>quaecunque</span> <span class='ocrx_word' id='word_1_36' title='bbox 3742 830 3832 907; x_wconf 82' lang='lat' dir='ltr'>fit</span> 
     </span>
     <span class='ocr_line' id='line_1_5' title="bbox 520 941 3830 1072; baseline -0.001 -22"><span class='ocrx_word' id='word_1_37' title='bbox 520 941 889 1072; x_wconf 82' lang='lat' dir='ltr'>quantitas</span> <span class='ocrx_word' id='word_1_38' title='bbox 939 999 1011 1061; x_wconf 83' lang='lat' dir='ltr'>a,</span> <span class='ocrx_word' id='word_1_39' title='bbox 1080 994 1400 1071; x_wconf 90' lang='lat' dir='ltr'>quacum</span> <span class='ocrx_word' id='word_1_40' title='bbox 1447 992 1578 1069; x_wconf 90' lang='lat' dir='ltr'>per</span> <span class='ocrx_word' id='word_1_41' title='bbox 1631 967 2258 1065; x_wconf 83' lang='lat' dir='ltr'>multiplicationis</span> <span class='ocrx_word' id='word_1_42' title='bbox 2308 953 2593 1064; x_wconf 80' lang='lat' dir='ltr'>lignum</span> <span class='ocrx_word' id='word_1_43' title='bbox 2642 966 3171 1066; x_wconf 85' lang='lat' dir='ltr'>conjungatur;</span> <span class='ocrx_word' id='word_1_44' title='bbox 3228 971 3494 1047; x_wconf 88' lang='lat' dir='ltr'>eodem</span> <span class='ocrx_word' id='word_1_45' title='bbox 3545 970 3830 1071; x_wconf 86' lang='lat' dir='ltr'>prorsus</span> 
     </span>
     <span class='ocr_line' id='line_1_6' title="bbox 514 1108 3831 1212; baseline -0 -21"><span class='ocrx_word' id='word_1_46' title='bbox 514 1116 771 1204; x_wconf 88' lang='lat' dir='ltr'>modo,</span> <span class='ocrx_word' id='word_1_47' title='bbox 823 1136 970 1212; x_wconf 93' lang='lat' dir='ltr'>quo</span> <span class='ocrx_word' id='word_1_48' title='bbox 1011 1117 1259 1190; x_wconf 90' lang='lat' dir='ltr'>omnia</span> <span class='ocrx_word' id='word_1_49' title='bbox 1293 1112 1491 1211; x_wconf 82' lang='lat' dir='ltr'>ligna</span> <span class='ocrx_word' id='word_1_50' title='bbox 1535 1109 1970 1205; x_wconf 87' lang='lat' dir='ltr'>imaginaria</span> <span class='ocrx_word' id='word_1_51' title='bbox 2002 1108 2250 1182; x_wconf 63' lang='lat' dir='ltr'>ar—</span> <span class='ocrx_word' id='word_1_52' title='bbox 2275 1135 2309 1190; x_wconf 90' lang='lat'>1</span> <span class='ocrx_word' id='word_1_53' title='bbox 2358 1109 2456 1186; x_wconf 90' lang='lat' dir='ltr'>ad</span> <span class='ocrx_word' id='word_1_54' title='bbox 2497 1111 2801 1187; x_wconf 91' lang='lat' dir='ltr'>unicum</span> <span class='ocrx_word' id='word_1_55' title='bbox 2841 1112 3027 1187; x_wconf 68' lang='grc' dir='ltr'>Υ-</span> <span class='ocrx_word' id='word_1_56' title='bbox 3053 1138 3087 1188; x_wconf 90' lang='lat'>1</span> <span class='ocrx_word' id='word_1_57' title='bbox 3139 1114 3513 1192; x_wconf 89' lang='lat' dir='ltr'>communi</span> <span class='ocrx_word' id='word_1_58' title='bbox 3538 1113 3831 1193; x_wconf 88' lang='lat' dir='ltr'>mathe-</span> 
     </span>
     <span class='ocr_line' id='line_1_7' title="bbox 512 1231 3821 1346; baseline -0.002 -14"><span class='ocrx_word' id='word_1_59' title='bbox 512 1253 953 1332; x_wconf 86' lang='lat' dir='ltr'>maticorum</span> <span class='ocrx_word' id='word_1_60' title='bbox 995 1254 1335 1332; x_wconf 90' lang='lat' dir='ltr'>consensu</span> <span class='ocrx_word' id='word_1_61' title='bbox 1383 1255 1874 1340; x_wconf 52' lang='lat' dir='ltr'>reducuntur.x</span> <span class='ocrx_word' id='word_1_62' title='bbox 2439 1341 2443 1346; x_wconf 84' lang='lat'>.</span> <span class='ocrx_word' id='word_1_63' title='bbox 3818 1231 3821 1232; x_wconf 4' lang='grc' dir='ltr'><em>ᾗ</em></span> 
     </span>
    </p>

    <p class='ocr_par' dir='ltr' id='par_1_3' title="bbox 506 1393 3833 2218">
     <span class='ocr_line' id='line_1_8' title="bbox 714 1393 3833 1499; baseline 0.001 -28"><span class='ocrx_word' id='word_1_64' title='bbox 714 1393 792 1498; x_wconf 80' lang='lat'>§.</span> <span class='ocrx_word' id='word_1_65' title='bbox 849 1422 966 1494; x_wconf 77' lang='lat' dir='ltr'>qo.</span> <span class='ocrx_word' id='word_1_66' title='bbox 1070 1397 1614 1473; x_wconf 85' lang='lat' dir='ltr'>Geometricam</span> <span class='ocrx_word' id='word_1_67' title='bbox 1643 1393 2115 1493; x_wconf 77' lang='lat' dir='ltr'>problematis</span> <span class='ocrx_word' id='word_1_68' title='bbox 2143 1393 2485 1494; x_wconf 77' lang='lat' dir='ltr'>propositi</span> <span class='ocrx_word' id='word_1_69' title='bbox 2533 1394 2745 1495; x_wconf 71' lang='lat' dir='ltr'>(utut</span> <span class='ocrx_word' id='word_1_70' title='bbox 2776 1397 3283 1499; x_wconf 87' lang='lat' dir='ltr'>elementaris)</span> <span class='ocrx_word' id='word_1_71' title='bbox 3334 1398 3833 1480; x_wconf 82' lang='lat' dir='ltr'>evolutionem</span> 
     </span>
     <span class='ocr_line' id='line_1_9' title="bbox 517 1508 3825 1640; baseline 0 -28"><span class='ocrx_word' id='word_1_72' title='bbox 517 1562 607 1612; x_wconf 90' lang='lat' dir='ltr'>eo</span> <span class='ocrx_word' id='word_1_73' title='bbox 665 1508 1041 1615; x_wconf 88' lang='lat' dir='ltr'>lubentius</span> <span class='ocrx_word' id='word_1_74' title='bbox 1089 1537 1424 1636; x_wconf 88' lang='lat' dir='ltr'>exposui,</span> <span class='ocrx_word' id='word_1_75' title='bbox 1455 1581 1459 1586; x_wconf 68' lang='grc'><em>·</em></span> <span class='ocrx_word' id='word_1_76' title='bbox 1491 1538 1688 1633; x_wconf 94' lang='lat' dir='ltr'>quod</span> <span class='ocrx_word' id='word_1_77' title='bbox 1742 1537 1907 1613; x_wconf 82' lang='lat' dir='ltr'>haec</span> <span class='ocrx_word' id='word_1_78' title='bbox 1962 1536 2108 1636; x_wconf 89' lang='lat' dir='ltr'>ipsa</span> <span class='ocrx_word' id='word_1_79' title='bbox 2167 1536 2510 1633; x_wconf 82' lang='lat' dir='ltr'>quaestio,</span> <span class='ocrx_word' id='word_1_80' title='bbox 2575 1552 2707 1616; x_wconf 90' lang='lat' dir='ltr'>aut</span> <span class='ocrx_word' id='word_1_81' title='bbox 2751 1541 2916 1619; x_wconf 82' lang='lat' dir='ltr'>aliae</span> <span class='ocrx_word' id='word_1_82' title='bbox 2955 1541 3083 1640; x_wconf 79' lang='lat' dir='ltr'>ipsi</span> <span class='ocrx_word' id='word_1_83' title='bbox 3127 1542 3428 1630; x_wconf 82' lang='lat' dir='ltr'>affineS‚</span> <span class='ocrx_word' id='word_1_84' title='bbox 3477 1539 3825 1618; x_wconf 81' lang='lat' dir='ltr'>sub‘falso</span> 
     </span>
     <span class='ocr_line' id='line_1_10' title="bbox 510 1671 3821 1785; baseline 0.002 -32"><span class='ocrx_word' id='word_1_85' title='bbox 510 1679 781 1755; x_wconf 91' lang='lat' dir='ltr'>obtutu</span> <span class='ocrx_word' id='word_1_86' title='bbox 836 1681 1340 1769; x_wconf 79' lang='lat' dir='ltr'>confideratae‚</span> <span class='ocrx_word' id='word_1_87' title='bbox 1421 1677 1642 1753; x_wconf 88' lang='lat' dir='ltr'>variis</span> <span class='ocrx_word' id='word_1_88' title='bbox 1690 1677 2035 1775; x_wconf 90' lang='lat' dir='ltr'>loquendi</span> <span class='ocrx_word' id='word_1_89' title='bbox 2093 1671 2333 1755; x_wconf 80' lang='lat' dir='ltr'>modis</span> <span class='ocrx_word' id='word_1_90' title='bbox 2402 1689 2624 1779; x_wconf 90' lang='lat' dir='ltr'>(meo</span> <span class='ocrx_word' id='word_1_91' title='bbox 2668 1684 2969 1780; x_wconf 89' lang='lat' dir='ltr'>quidem</span> <span class='ocrx_word' id='word_1_92' title='bbox 3007 1685 3287 1785; x_wconf 85' lang='lat' dir='ltr'>judicio</span> <span class='ocrx_word' id='word_1_93' title='bbox 3334 1683 3534 1761; x_wconf 86' lang='lat' dir='ltr'>sensu</span> <span class='ocrx_word' id='word_1_94' title='bbox 3567 1681 3821 1779; x_wconf 79' lang='lat' dir='ltr'>caffis)</span> 
     </span>
     <span class='ocr_line' id='line_1_11' title="bbox 509 1819 3824 1921; baseline 0.001 -25"><span class='ocrx_word' id='word_1_95' title='bbox 509 1821 753 1897; x_wconf 82' lang='lat' dir='ltr'>ansam</span> <span class='ocrx_word' id='word_1_96' title='bbox 793 1823 1280 1921; x_wconf 85' lang='lat' dir='ltr'>praebuerunt.</span> <span class='ocrx_word' id='word_1_97' title='bbox 1381 1822 1660 1897; x_wconf 90' lang='lat' dir='ltr'>Dicunt</span> <span class='ocrx_word' id='word_1_98' title='bbox 1704 1846 1771 1896; x_wconf 91' lang='lat' dir='ltr'>v.</span> <span class='ocrx_word' id='word_1_99' title='bbox 1808 1843 1917 1917; x_wconf 88' lang='lat' dir='ltr'>gr.</span> <span class='ocrx_word' id='word_1_100' title='bbox 1962 1819 2402 1919; x_wconf 82' lang='lat' dir='ltr'>algebristae‚</span> <span class='ocrx_word' id='word_1_101' title='bbox 2455 1823 2723 1900; x_wconf 89' lang='lat' dir='ltr'>lineam</span> <span class='ocrx_word' id='word_1_102' title='bbox 2769 1826 3039 1902; x_wconf 67' lang='lat' dir='ltr'>rectam</span> <span class='ocrx_word' id='word_1_103' title='bbox 3079 1826 3437 1901; x_wconf 90' lang='lat' dir='ltr'>circulum</span> <span class='ocrx_word' id='word_1_104' title='bbox 3466 1824 3646 1913; x_wconf 85' lang='lat' dir='ltr'>effe,</span> <span class='ocrx_word' id='word_1_105' title='bbox 3695 1847 3824 1899; x_wconf 77' lang='lat' dir='ltr'>cu-</span> 
     </span>
     <span class='ocr_line' id='line_1_12' title="bbox 509 1947 3823 2068; baseline 0.001 -30"><span class='ocrx_word' id='word_1_106' title='bbox 509 1962 629 2062; x_wconf 84' lang='lat' dir='ltr'>jus</span> <span class='ocrx_word' id='word_1_107' title='bbox 682 1963 930 2040; x_wconf 90' lang='lat' dir='ltr'>radius</span> <span class='ocrx_word' id='word_1_108' title='bbox 979 1962 1081 2048; x_wconf 83' lang='lat' dir='ltr'>est</span> <span class='ocrx_word' id='word_1_109' title='bbox 1131 1963 1486 2039; x_wconf 81' lang='lat' dir='ltr'>infinitus,</span> <span class='ocrx_word' id='word_1_110' title='bbox 1604 1947 1772 2040; x_wconf 88' lang='lat' dir='ltr'>Uno</span> <span class='ocrx_word' id='word_1_111' title='bbox 1823 1975 1955 2038; x_wconf 89' lang='lat' dir='ltr'>aut</span> <span class='ocrx_word' id='word_1_112' title='bbox 2007 1963 2241 2038; x_wconf 88' lang='lat' dir='ltr'>altero</span> <span class='ocrx_word' id='word_1_113' title='bbox 2295 1967 2636 2065; x_wconf 85' lang='lat' dir='ltr'>exemplo</span> <span class='ocrx_word' id='word_1_114' title='bbox 2682 1968 3007 2043; x_wconf 86' lang='lat' dir='ltr'>indicare</span> <span class='ocrx_word' id='word_1_115' title='bbox 3052 1961 3393 2053; x_wconf 82' lang='lat' dir='ltr'>sufficiet,</span> <span class='ocrx_word' id='word_1_116' title='bbox 3457 1966 3637 2064; x_wconf 92' lang='lat' dir='ltr'>quid</span> <span class='ocrx_word' id='word_1_117' title='bbox 3693 1963 3823 2068; x_wconf 57' lang='lat' dir='ltr'>sibi</span> 
     </span>
     <span class='ocr_line' id='line_1_13' title="bbox 506 2103 3251 2218; baseline -0 -38"><span class='ocrx_word' id='word_1_118' title='bbox 506 2104 685 2180; x_wconf 92' lang='lat' dir='ltr'>velit</span> <span class='ocrx_word' id='word_1_119' title='bbox 727 2103 1097 2202; x_wconf 86' lang='lat' dir='ltr'>ejusmodi</span> <span class='ocrx_word' id='word_1_120' title='bbox 1134 2105 1483 2202; x_wconf 92' lang='lat' dir='ltr'>loquendi</span> <span class='ocrx_word' id='word_1_121' title='bbox 1529 2104 1817 2180; x_wconf 80' lang='lat' dir='ltr'>modus,</span> <span class='ocrx_word' id='word_1_122' title='bbox 2694 2213 2697 2218; x_wconf 22' lang='grc' dir='ltr'>Ι</span> <span class='ocrx_word' id='word_1_123' title='bbox 3242 2211 3251 2216; x_wconf 73' lang='lat'>,</span> 
     </span>
    </p>

    <p class='ocr_par' dir='ltr' id='par_1_4' title="bbox 497 2238 3823 3065">
     <span class='ocr_line' id='line_1_14' title="bbox 699 2238 3823 2350; baseline 0.001 -28"><span class='ocrx_word' id='word_1_124' title='bbox 699 2243 867 2322; x_wconf 89' lang='lat' dir='ltr'>Sint</span> <span class='ocrx_word' id='word_1_125' title='bbox 916 2247 1064 2324; x_wconf 91' lang='lat' dir='ltr'>duo</span> <span class='ocrx_word' id='word_1_126' title='bbox 1114 2247 1376 2348; x_wconf 60' lang='lat' dir='ltr'>puncta</span> <span class='ocrx_word' id='word_1_127' title='bbox 1419 2245 1771 2347; x_wconf 78' lang='lat' dir='ltr'>positione</span> <span class='ocrx_word' id='word_1_128' title='bbox 1807 2238 2014 2321; x_wconf 76' lang='lat' dir='ltr'>data.</span> <span class='ocrx_word' id='word_1_129' title='bbox 2131 2247 2417 2325; x_wconf 89' lang='lat' dir='ltr'>Notum</span> <span class='ocrx_word' id='word_1_130' title='bbox 2456 2249 2592 2325; x_wconf 88' lang='lat' dir='ltr'>est:</span> <span class='ocrx_word' id='word_1_131' title='bbox 2653 2249 2964 2342; x_wconf 65' lang='lat' dir='ltr'>retiam,</span> <span class='ocrx_word' id='word_1_132' title='bbox 3016 2274 3183 2350; x_wconf 78' lang='lat' dir='ltr'>quae</span> <span class='ocrx_word' id='word_1_133' title='bbox 3214 2251 3551 2329; x_wconf 86' lang='lat' dir='ltr'>bifariam</span> <span class='ocrx_word' id='word_1_134' title='bbox 3600 2250 3678 2328; x_wconf 89' lang='lat'>&amp;</span> <span class='ocrx_word' id='word_1_135' title='bbox 3727 2251 3823 2327; x_wconf 89' lang='lat' dir='ltr'>ad</span> 
     </span>
     <span class='ocr_line' id='line_1_15' title="bbox 504 2381 3821 2496; baseline 0 -31"><span class='ocrx_word' id='word_1_136' title='bbox 504 2390 815 2487; x_wconf 79' lang='lat' dir='ltr'>angulos</span> <span class='ocrx_word' id='word_1_137' title='bbox 845 2390 1077 2466; x_wconf 62' lang='lat' dir='ltr'>rectos</span> <span class='ocrx_word' id='word_1_138' title='bbox 1118 2389 1310 2465; x_wconf 84' lang='lat' dir='ltr'>secat</span> <span class='ocrx_word' id='word_1_139' title='bbox 1357 2381 1629 2496; x_wconf 75' lang='lat' dir='ltr'>lineam</span> <span class='ocrx_word' id='word_1_140' title='bbox 1666 2387 1936 2466; x_wconf 73' lang='lat' dir='ltr'>restam</span> <span class='ocrx_word' id='word_1_141' title='bbox 1977 2387 2243 2488; x_wconf 68' lang='lat' dir='ltr'>punaa</span> <span class='ocrx_word' id='word_1_142' title='bbox 2284 2390 2460 2467; x_wconf 90' lang='lat' dir='ltr'>data</span> <span class='ocrx_word' id='word_1_143' title='bbox 2502 2390 2984 2489; x_wconf 86' lang='lat' dir='ltr'>jungentem,</span> <span class='ocrx_word' id='word_1_144' title='bbox 3036 2393 3278 2469; x_wconf 90' lang='lat' dir='ltr'>locum</span> <span class='ocrx_word' id='word_1_145' title='bbox 3316 2390 3452 2468; x_wconf 85' lang='lat' dir='ltr'>effe</span> <span class='ocrx_word' id='word_1_146' title='bbox 3486 2391 3821 2466; x_wconf 87' lang='lat' dir='ltr'>omnium</span> 
     </span>
     <span class='ocr_line' id='line_1_16' title="bbox 505 2519 3823 2635; baseline -0.001 -26"><span class='ocrx_word' id='word_1_147' title='bbox 505 2533 940 2635; x_wconf 70' lang='lat' dir='ltr'>punftorum</span> <span class='ocrx_word' id='word_1_148' title='bbox 983 2534 1074 2608; x_wconf 90' lang='lat' dir='ltr'>ab</span> <span class='ocrx_word' id='word_1_149' title='bbox 1119 2533 1238 2608; x_wconf 91' lang='lat' dir='ltr'>his</span> <span class='ocrx_word' id='word_1_150' title='bbox 1289 2533 1574 2633; x_wconf 74' lang='lat' dir='ltr'>punffls</span> <span class='ocrx_word' id='word_1_151' title='bbox 1618 2531 2319 2628; x_wconf 78' lang='lat' dir='ltr'>aequi-distantium.</span> <span class='ocrx_word' id='word_1_152' title='bbox 2439 2536 2726 2633; x_wconf 89' lang='lat' dir='ltr'>Nempe</span> <span class='ocrx_word' id='word_1_153' title='bbox 2786 2560 2934 2611; x_wconf 92' lang='lat' dir='ltr'>non</span> <span class='ocrx_word' id='word_1_154' title='bbox 2996 2538 3218 2612; x_wconf 92' lang='lat' dir='ltr'>modo</span> <span class='ocrx_word' id='word_1_155' title='bbox 3279 2532 3591 2633; x_wconf 88' lang='lat' dir='ltr'>quodvis</span> <span class='ocrx_word' id='word_1_156' title='bbox 3635 2519 3823 2630; x_wconf 84' lang='lat' dir='ltr'>pun·</span> 
     </span>
     <span class='ocr_line' id='line_1_17' title="bbox 506 2653 3821 2776; baseline -0.002 -23"><span class='ocrx_word' id='word_1_157' title='bbox 506 2676 704 2753; x_wconf 70' lang='lat' dir='ltr'>stum</span> <span class='ocrx_word' id='word_1_158' title='bbox 742 2675 820 2751; x_wconf 90' lang='lat' dir='ltr'>in</span> <span class='ocrx_word' id='word_1_159' title='bbox 870 2673 1391 2776; x_wconf 87' lang='lat' dir='ltr'>perpendiculo</span> <span class='ocrx_word' id='word_1_160' title='bbox 1431 2673 1574 2749; x_wconf 92' lang='lat' dir='ltr'>hoc</span> <span class='ocrx_word' id='word_1_161' title='bbox 1612 2671 1828 2750; x_wconf 78' lang='lat' dir='ltr'>litum</span> <span class='ocrx_word' id='word_1_162' title='bbox 1867 2675 2343 2773; x_wconf 85' lang='lat' dir='ltr'>aequi-distat</span> <span class='ocrx_word' id='word_1_163' title='bbox 2387 2700 2433 2752; x_wconf 88' lang='lat' dir='ltr'>a</span> <span class='ocrx_word' id='word_1_164' title='bbox 2472 2677 2760 2754; x_wconf 91' lang='lat' dir='ltr'>duobus</span> <span class='ocrx_word' id='word_1_165' title='bbox 2804 2653 3091 2775; x_wconf 72' lang='lat' dir='ltr'>punstis</span> <span class='ocrx_word' id='word_1_166' title='bbox 3141 2675 3369 2768; x_wconf 76' lang='lat' dir='ltr'>datfs;</span> <span class='ocrx_word' id='word_1_167' title='bbox 3432 2672 3555 2748; x_wconf 91' lang='lat' dir='ltr'>sed</span> <span class='ocrx_word' id='word_1_168' title='bbox 3593 2672 3821 2748; x_wconf 87' lang='lat' dir='ltr'>etiam</span> 
     </span>
     <span class='ocr_line' id='line_1_18' title="bbox 506 2813 3822 2921; baseline -0.002 -26"><span class='ocrx_word' id='word_1_169' title='bbox 506 2819 819 2919; x_wconf 89' lang='lat' dir='ltr'>quodvis</span> <span class='ocrx_word' id='word_1_170' title='bbox 865 2821 1214 2921; x_wconf 58' lang='lat' dir='ltr'>punitum</span> <span class='ocrx_word' id='word_1_171' title='bbox 1262 2833 1479 2899; x_wconf 87' lang='lat' dir='ltr'>extra</span> <span class='ocrx_word' id='word_1_172' title='bbox 1514 2816 1661 2892; x_wconf 93' lang='lat' dir='ltr'>hoc</span> <span class='ocrx_word' id='word_1_173' title='bbox 1699 2817 2302 2919; x_wconf 89' lang='lat' dir='ltr'>perpendiculum</span> <span class='ocrx_word' id='word_1_174' title='bbox 2355 2817 2486 2915; x_wconf 86' lang='lat' dir='ltr'>(in</span> <span class='ocrx_word' id='word_1_175' title='bbox 2529 2818 2793 2895; x_wconf 89' lang='lat' dir='ltr'>eodem</span> <span class='ocrx_word' id='word_1_176' title='bbox 2842 2818 3114 2920; x_wconf 83' lang='lat' dir='ltr'>plano)</span> <span class='ocrx_word' id='word_1_177' title='bbox 3175 2818 3394 2895; x_wconf 89' lang='lat' dir='ltr'>fitum</span> <span class='ocrx_word' id='word_1_178' title='bbox 3438 2813 3822 2912; x_wconf 84' lang='lat' dir='ltr'>inaequali-</span> 
     </span>
     <span class='ocr_line' id='line_1_19' title="bbox 497 2962 1517 3065; baseline 0.003 -28"><span class='ocrx_word' id='word_1_179' title='bbox 497 2972 610 3037; x_wconf 88' lang='lat' dir='ltr'>ter</span> <span class='ocrx_word' id='word_1_180' title='bbox 651 2962 865 3039; x_wconf 85' lang='lat' dir='ltr'>distat</span> <span class='ocrx_word' id='word_1_181' title='bbox 909 2964 998 3041; x_wconf 90' lang='lat' dir='ltr'>ab</span> <span class='ocrx_word' id='word_1_182' title='bbox 1045 2965 1164 3041; x_wconf 92' lang='lat' dir='ltr'>his</span> <span class='ocrx_word' id='word_1_183' title='bbox 1209 2964 1517 3065; x_wconf 74' lang='lat' dir='ltr'>punstiS.</span> 
     </span>
    </p>

    <p class='ocr_par' dir='ltr' id='par_1_5' title="bbox 504 3098 3819 3484">
     <span class='ocr_line' id='line_1_20' title="bbox 689 3098 3819 3204; baseline -0.003 -25"><span class='ocrx_word' id='word_1_184' title='bbox 689 3100 970 3179; x_wconf 89' lang='lat' dir='ltr'>Notum</span> <span class='ocrx_word' id='word_1_185' title='bbox 996 3109 1266 3204; x_wconf 83' lang='lat' dir='ltr'>pariter</span> <span class='ocrx_word' id='word_1_186' title='bbox 1287 3108 1389 3184; x_wconf 88' lang='lat' dir='ltr'>est</span> <span class='ocrx_word' id='word_1_187' title='bbox 1438 3109 1623 3201; x_wconf 90' lang='lat' dir='ltr'>(vid.</span> <span class='ocrx_word' id='word_1_188' title='bbox 1649 3107 2082 3184; x_wconf 74' lang='lat' dir='ltr'>APOLLoNu</span> <span class='ocrx_word' id='word_1_189' title='bbox 2107 3129 2431 3185; x_wconf 79' lang='lat' dir='ltr'>PERGAEI</span> <span class='ocrx_word' id='word_1_190' title='bbox 2466 3109 2639 3182; x_wconf 82' lang='lat' dir='ltr'>Loca</span> <span class='ocrx_word' id='word_1_191' title='bbox 2663 3106 2848 3198; x_wconf 79' lang='lat' dir='ltr'>plana</span> <span class='ocrx_word' id='word_1_192' title='bbox 2868 3104 3274 3201; x_wconf 85' lang='lat' dir='ltr'>L.11.Prop.</span> <span class='ocrx_word' id='word_1_193' title='bbox 3299 3100 3445 3203; x_wconf 89' lang='lat'><strong>2.):</strong></span> <span class='ocrx_word' id='word_1_194' title='bbox 3508 3098 3819 3173; x_wconf 79' lang='lat' dir='ltr'>circum-</span> 
     </span>
     <span class='ocr_line' id='line_1_21' title="bbox 504 3237 3819 3347; baseline -0.002 -31"><span class='ocrx_word' id='word_1_195' title='bbox 504 3241 895 3317; x_wconf 87' lang='lat' dir='ltr'>ferentiam</span> <span class='ocrx_word' id='word_1_196' title='bbox 934 3245 1205 3336; x_wconf 61' lang='lat' dir='ltr'>⁴circuli</span> <span class='ocrx_word' id='word_1_197' title='bbox 1255 3249 1500 3325; x_wconf 93' lang='lat' dir='ltr'>locum</span> <span class='ocrx_word' id='word_1_198' title='bbox 1558 3249 1696 3321; x_wconf 85' lang='lat' dir='ltr'>effe</span> <span class='ocrx_word' id='word_1_199' title='bbox 1736 3251 2068 3323; x_wconf 85' lang='lat' dir='ltr'>omnium</span> <span class='ocrx_word' id='word_1_200' title='bbox 2113 3250 2584 3347; x_wconf 65' lang='lat' dir='ltr'>punctorum,</span> <span class='ocrx_word' id='word_1_201' title='bbox 2651 3262 2989 3343; x_wconf 79' lang='lat' dir='ltr'>quorum·</span> <span class='ocrx_word' id='word_1_202' title='bbox 3026 3244 3386 3321; x_wconf 82' lang='lat' dir='ltr'>distantiae</span> <span class='ocrx_word' id='word_1_203' title='bbox 3436 3263 3482 3314; x_wconf 88' lang='lat' dir='ltr'>a</span> <span class='ocrx_word' id='word_1_204' title='bbox 3530 3237 3819 3314; x_wconf 88' lang='lat' dir='ltr'>duobus</span> 
     </span>
     <span class='ocr_line' id='line_1_22' title="bbox 509 3381 3492 3484; baseline -0.001 -26"><span class='ocrx_word' id='word_1_205' title='bbox 509 3384 793 3484; x_wconf 74' lang='lat' dir='ltr'>punffis</span> <span class='ocrx_word' id='word_1_206' title='bbox 838 3383 1032 3460; x_wconf 84' lang='lat' dir='ltr'>datis</span> <span class='ocrx_word' id='word_1_207' title='bbox 1079 3384 1245 3460; x_wconf 89' lang='lat' dir='ltr'>sunt</span> <span class='ocrx_word' id='word_1_208' title='bbox 1280 3386 1474 3463; x_wconf 88' lang='lat' dir='ltr'>inter</span> <span class='ocrx_word' id='word_1_209' title='bbox 1517 3387 1583 3462; x_wconf 90' lang='lat' dir='ltr'>se</span> <span class='ocrx_word' id='word_1_210' title='bbox 1623 3388 1700 3461; x_wconf 92' lang='lat' dir='ltr'>in</span> <span class='ocrx_word' id='word_1_211' title='bbox 1745 3385 2028 3460; x_wconf 83' lang='lat' dir='ltr'>ratione</span> <span class='ocrx_word' id='word_1_212' title='bbox 2072 3385 2244 3459; x_wconf 85' lang='lat' dir='ltr'>data</span> <span class='ocrx_word' id='word_1_213' title='bbox 2287 3409 2327 3461; x_wconf 90' lang='lat' dir='ltr'>a</span> <span class='ocrx_word' id='word_1_214' title='bbox 2372 3387 2655 3462; x_wconf 81' lang='lat' dir='ltr'>ratione</span> <span class='ocrx_word' id='word_1_215' title='bbox 2702 3387 3149 3483; x_wconf 75' lang='lat' dir='ltr'>aequalitatis</span> <span class='ocrx_word' id='word_1_216' title='bbox 3191 3381 3492 3460; x_wconf 89' lang='lat' dir='ltr'>diversa.</span> 
     </span>
    </p>

    <p class='ocr_par' dir='ltr' id='par_1_6' title="bbox 507 3510 3837 4901">
     <span class='ocr_line' id='line_1_23' title="bbox 706 3510 3822 3624; baseline -0.003 -21"><span class='ocrx_word' id='word_1_217' title='bbox 706 3527 914 3603; x_wconf 91' lang='lat' dir='ltr'>Duos</span> <span class='ocrx_word' id='word_1_218' title='bbox 960 3527 1189 3604; x_wconf 91' lang='lat' dir='ltr'>hosce</span> <span class='ocrx_word' id='word_1_219' title='bbox 1222 3526 1466 3617; x_wconf 91' lang='lat' dir='ltr'>casus,</span> <span class='ocrx_word' id='word_1_220' title='bbox 1519 3510 1692 3604; x_wconf 84' lang='lat' dir='ltr'>utut</span> <span class='ocrx_word' id='word_1_221' title='bbox 1737 3528 1930 3603; x_wconf 90' lang='lat' dir='ltr'>inter</span> <span class='ocrx_word' id='word_1_222' title='bbox 1974 3527 2042 3601; x_wconf 91' lang='lat' dir='ltr'>se</span> <span class='ocrx_word' id='word_1_223' title='bbox 2088 3526 2406 3603; x_wconf 88' lang='lat' dir='ltr'>diversos</span> <span class='ocrx_word' id='word_1_224' title='bbox 2432 3583 2452 3615; x_wconf 88' lang='lat'>‚</span> <span class='ocrx_word' id='word_1_225' title='bbox 2509 3527 2588 3605; x_wconf 74' lang='grc' dir='ltr'>δε</span> <span class='ocrx_word' id='word_1_226' title='bbox 2622 3528 2712 3603; x_wconf 89' lang='lat' dir='ltr'>ab</span> <span class='ocrx_word' id='word_1_227' title='bbox 2763 3526 3085 3624; x_wconf 86' lang='lat' dir='ltr'>antiquis</span> <span class='ocrx_word' id='word_1_228' title='bbox 3127 3522 3529 3622; x_wconf 87' lang='lat' dir='ltr'>geometris</span> <span class='ocrx_word' id='word_1_229' title='bbox 3575 3519 3822 3597; x_wconf 91' lang='lat' dir='ltr'>sedulo</span> 
     </span>
     <span class='ocr_line' id='line_1_24' title="bbox 507 3661 3823 3769; baseline -0.003 -24"><span class='ocrx_word' id='word_1_230' title='bbox 507 3666 900 3769; x_wconf 69' lang='lat' dir='ltr'>sejunstoS‚</span> <span class='ocrx_word' id='word_1_231' title='bbox 951 3668 1076 3747; x_wconf 90' lang='lat' dir='ltr'>sub</span> <span class='ocrx_word' id='word_1_232' title='bbox 1126 3693 1277 3744; x_wconf 91' lang='lat' dir='ltr'>uno</span> <span class='ocrx_word' id='word_1_233' title='bbox 1333 3670 1712 3769; x_wconf 74' lang='lat' dir='ltr'>complesti</span> <span class='ocrx_word' id='word_1_234' title='bbox 1756 3669 2098 3764; x_wconf 84' lang='lat' dir='ltr'>satagunt</span> <span class='ocrx_word' id='word_1_235' title='bbox 2143 3669 2571 3766; x_wconf 83' lang='lat' dir='ltr'>algebristae.</span> <span class='ocrx_word' id='word_1_236' title='bbox 2695 3666 2887 3745; x_wconf 87' lang='lat' dir='ltr'>Cum</span> <span class='ocrx_word' id='word_1_237' title='bbox 2945 3671 3195 3747; x_wconf 87' lang='lat' dir='ltr'>radius</span> <span class='ocrx_word' id='word_1_238' title='bbox 3245 3663 3536 3754; x_wconf 89' lang='lat' dir='ltr'>circuli,</span> <span class='ocrx_word' id='word_1_239' title='bbox 3604 3661 3823 3761; x_wconf 89' lang='lat' dir='ltr'>cujus</span> 
     </span>
     <span class='ocr_line' id='line_1_25' title="bbox 515 3802 3823 3911; baseline -0.002 -27"><span class='ocrx_word' id='word_1_240' title='bbox 515 3811 1099 3889; x_wconf 87' lang='lat' dir='ltr'>circumferentia</span> <span class='ocrx_word' id='word_1_241' title='bbox 1146 3802 1248 3887; x_wconf 83' lang='lat' dir='ltr'>est</span> <span class='ocrx_word' id='word_1_242' title='bbox 1303 3810 1508 3888; x_wconf 90' lang='lat' dir='ltr'>locus</span> <span class='ocrx_word' id='word_1_243' title='bbox 1568 3808 1971 3911; x_wconf 78' lang='lat' dir='ltr'>propositus</span> <span class='ocrx_word' id='word_1_244' title='bbox 1989 3866 2009 3899; x_wconf 91' lang='lat'>,</span> <span class='ocrx_word' id='word_1_245' title='bbox 2064 3832 2154 3885; x_wconf 88' lang='lat' dir='ltr'>eo</span> <span class='ocrx_word' id='word_1_246' title='bbox 2207 3810 2447 3910; x_wconf 86' lang='lat' dir='ltr'>major</span> <span class='ocrx_word' id='word_1_247' title='bbox 2502 3810 2635 3886; x_wconf 88' lang='lat' dir='ltr'>fiat</span> <span class='ocrx_word' id='word_1_248' title='bbox 2655 3868 2673 3901; x_wconf 91' lang='lat'><strong>,</strong></span> <span class='ocrx_word' id='word_1_249' title='bbox 2742 3835 2890 3908; x_wconf 94' lang='lat' dir='ltr'>quo</span> <span class='ocrx_word' id='word_1_250' title='bbox 2934 3810 3122 3885; x_wconf 86' lang='lat' dir='ltr'>ratio</span> <span class='ocrx_word' id='word_1_251' title='bbox 3171 3810 3345 3885; x_wconf 85' lang='lat' dir='ltr'>data</span> <span class='ocrx_word' id='word_1_252' title='bbox 3370 3865 3390 3896; x_wconf 90' lang='lat'>‚</span> <span class='ocrx_word' id='word_1_253' title='bbox 3456 3830 3501 3882; x_wconf 91' lang='lat' dir='ltr'>a</span> <span class='ocrx_word' id='word_1_254' title='bbox 3538 3803 3823 3880; x_wconf 86' lang='lat' dir='ltr'>ratione</span> 
     </span>
     <span class='ocr_line' id='line_1_26' title="bbox 516 3929 3825 4053; baseline -0.002 -27"><span class='ocrx_word' id='word_1_255' title='bbox 516 3929 961 4047; x_wconf 61' lang='lat' dir='ltr'>{equalitatis</span> <span class='ocrx_word' id='word_1_256' title='bbox 1004 3951 1319 4039; x_wconf 85' lang='lat' dir='ltr'>diversa,</span> <span class='ocrx_word' id='word_1_257' title='bbox 1382 3951 1480 4025; x_wconf 90' lang='lat' dir='ltr'>ad</span> <span class='ocrx_word' id='word_1_258' title='bbox 1522 3975 1690 4026; x_wconf 91' lang='lat' dir='ltr'>eam</span> <span class='ocrx_word' id='word_1_259' title='bbox 1726 3956 2022 4053; x_wconf 87' lang='lat' dir='ltr'>propius</span> <span class='ocrx_word' id='word_1_260' title='bbox 2069 3951 2392 4044; x_wconf 84' lang='lat' dir='ltr'>accedit3</span> <span class='ocrx_word' id='word_1_261' title='bbox 2470 3951 2547 4030; x_wconf 88' lang='lat'>&amp;</span> <span class='ocrx_word' id='word_1_262' title='bbox 2604 3953 3230 4049; x_wconf 89' lang='lat' dir='ltr'>quemadmodum</span> <span class='ocrx_word' id='word_1_263' title='bbox 3265 3939 3454 4025; x_wconf 86' lang='lat' dir='ltr'>ratio</span> <span class='ocrx_word' id='word_1_264' title='bbox 3501 3947 3676 4022; x_wconf 89' lang='lat' dir='ltr'>data</span> <span class='ocrx_word' id='word_1_265' title='bbox 3727 3944 3825 4019; x_wconf 90' lang='lat' dir='ltr'>ad</span> 
     </span>
     <span class='ocr_line' id='line_1_27' title="bbox 517 4089 3826 4194; baseline -0.001 -28"><span class='ocrx_word' id='word_1_266' title='bbox 517 4093 881 4167; x_wconf 88' lang='lat' dir='ltr'>rationem</span> <span class='ocrx_word' id='word_1_267' title='bbox 918 4090 1362 4191; x_wconf 78' lang='lat' dir='ltr'>aequalitatis</span> <span class='ocrx_word' id='word_1_268' title='bbox 1398 4095 1694 4194; x_wconf 89' lang='lat' dir='ltr'>propius</span> <span class='ocrx_word' id='word_1_269' title='bbox 1731 4095 2081 4172; x_wconf 88' lang='lat' dir='ltr'>accedere</span> <span class='ocrx_word' id='word_1_270' title='bbox 2111 4090 2343 4192; x_wconf 89' lang='lat' dir='ltr'>potest</span> <span class='ocrx_word' id='word_1_271' title='bbox 2393 4114 2614 4188; x_wconf 84' lang='lat' dir='ltr'>quam</span> <span class='ocrx_word' id='word_1_272' title='bbox 2664 4095 2853 4168; x_wconf 89' lang='lat' dir='ltr'>ratio</span> <span class='ocrx_word' id='word_1_273' title='bbox 2892 4092 3174 4190; x_wconf 79' lang='lat' dir='ltr'>quaevis</span> <span class='ocrx_word' id='word_1_274' title='bbox 3220 4089 3580 4192; x_wconf 83' lang='lat' dir='ltr'>propolita</span> <span class='ocrx_word' id='word_1_275' title='bbox 3625 4112 3671 4164; x_wconf 90' lang='lat' dir='ltr'>a</span> <span class='ocrx_word' id='word_1_276' title='bbox 3708 4109 3826 4162; x_wconf 86' lang='lat' dir='ltr'>ra-</span> 
     </span>
     <span class='ocr_line' id='line_1_28' title="bbox 519 4232 3823 4335; baseline -0.001 -25"><span class='ocrx_word' id='word_1_277' title='bbox 519 4236 723 4310; x_wconf 89' lang='lat' dir='ltr'>tione</span> <span class='ocrx_word' id='word_1_278' title='bbox 766 4235 1211 4333; x_wconf 81' lang='lat' dir='ltr'>aequalitatis</span> <span class='ocrx_word' id='word_1_279' title='bbox 1244 4234 1560 4325; x_wconf 89' lang='lat' dir='ltr'>diversa,</span> <span class='ocrx_word' id='word_1_280' title='bbox 1601 4238 1707 4312; x_wconf 89' lang='lat' dir='ltr'>ita</span> <span class='ocrx_word' id='word_1_281' title='bbox 1742 4237 1968 4335; x_wconf 84' lang='lat' dir='ltr'>etiam</span> <span class='ocrx_word' id='word_1_282' title='bbox 2001 4234 2250 4310; x_wconf 90' lang='lat' dir='ltr'>radius</span> <span class='ocrx_word' id='word_1_283' title='bbox 2295 4234 2617 4334; x_wconf 65' lang='lat' dir='ltr'>praedicti</span> <span class='ocrx_word' id='word_1_284' title='bbox 2661 4233 2912 4308; x_wconf 88' lang='lat' dir='ltr'>circuli</span> <span class='ocrx_word' id='word_1_285' title='bbox 2952 4255 3385 4331; x_wconf 88' lang='lat' dir='ltr'>quacunque</span> <span class='ocrx_word' id='word_1_286' title='bbox 3420 4234 3612 4311; x_wconf 90' lang='lat' dir='ltr'>linea</span> <span class='ocrx_word' id='word_1_287' title='bbox 3651 4232 3823 4308; x_wconf 87' lang='lat' dir='ltr'>data</span> 
     </span>
     <span class='ocr_line' id='line_1_29' title="bbox 518 4374 3825 4478; baseline -0.002 -25"><span class='ocrx_word' id='word_1_288' title='bbox 518 4377 756 4478; x_wconf 87' lang='lat' dir='ltr'>major</span> <span class='ocrx_word' id='word_1_289' title='bbox 809 4377 968 4453; x_wconf 88' lang='lat' dir='ltr'>fieri</span> <span class='ocrx_word' id='word_1_290' title='bbox 1020 4376 1266 4476; x_wconf 85' lang='lat' dir='ltr'>poffit:</span> <span class='ocrx_word' id='word_1_291' title='bbox 1324 4380 1774 4456; x_wconf 89' lang='lat' dir='ltr'>concludunt</span> <span class='ocrx_word' id='word_1_292' title='bbox 1805 4379 2021 4473; x_wconf 88' lang='lat' dir='ltr'>inde,</span> <span class='ocrx_word' id='word_1_293' title='bbox 2071 4378 2308 4474; x_wconf 89' lang='lat' dir='ltr'>quod,</span> <span class='ocrx_word' id='word_1_294' title='bbox 2361 4376 2414 4452; x_wconf 78' lang='lat' dir='ltr'>ii</span> <span class='ocrx_word' id='word_1_295' title='bbox 2456 4378 2645 4452; x_wconf 86' lang='lat' dir='ltr'>ratio</span> <span class='ocrx_word' id='word_1_296' title='bbox 2692 4378 2865 4452; x_wconf 88' lang='lat' dir='ltr'>data</span> <span class='ocrx_word' id='word_1_297' title='bbox 2902 4374 3125 4452; x_wconf 89' lang='lat' dir='ltr'>fuerit</span> <span class='ocrx_word' id='word_1_298' title='bbox 3168 4375 3314 4474; x_wconf 89' lang='lat' dir='ltr'>ipsa</span> <span class='ocrx_word' id='word_1_299' title='bbox 3349 4376 3537 4451; x_wconf 87' lang='lat' dir='ltr'>ratio</span> <span class='ocrx_word' id='word_1_300' title='bbox 3578 4395 3825 4470; x_wconf 79' lang='lat' dir='ltr'>aequa-</span> 
     </span>
     <span class='ocr_line' id='line_1_30' title="bbox 516 4516 3829 4618; baseline -0 -25"><span class='ocrx_word' id='word_1_301' title='bbox 516 4520 784 4608; x_wconf 86' lang='lat' dir='ltr'>litatis,</span> <span class='ocrx_word' id='word_1_302' title='bbox 834 4517 1085 4595; x_wconf 87' lang='lat' dir='ltr'>radius</span> <span class='ocrx_word' id='word_1_303' title='bbox 1130 4518 1380 4594; x_wconf 88' lang='lat' dir='ltr'>circuli</span> <span class='ocrx_word' id='word_1_304' title='bbox 1415 4519 1544 4595; x_wconf 90' lang='lat' dir='ltr'>fiat</span> <span class='ocrx_word' id='word_1_305' title='bbox 1583 4520 1940 4597; x_wconf 77' lang='lat' dir='ltr'>infinitus,</span> <span class='ocrx_word' id='word_1_306' title='bbox 2041 4520 2193 4597; x_wconf 92' lang='lat' dir='ltr'>Sed</span> <span class='ocrx_word' id='word_1_307' title='bbox 2230 4520 2372 4594; x_wconf 93' lang='lat' dir='ltr'>hoc</span> <span class='ocrx_word' id='word_1_308' title='bbox 2408 4518 2574 4595; x_wconf 88' lang='lat' dir='ltr'>casu</span> <span class='ocrx_word' id='word_1_309' title='bbox 2614 4520 2821 4595; x_wconf 89' lang='lat' dir='ltr'>locus</span> <span class='ocrx_word' id='word_1_310' title='bbox 2870 4516 3274 4618; x_wconf 90' lang='lat' dir='ltr'>propofitus</span> <span class='ocrx_word' id='word_1_311' title='bbox 3319 4516 3420 4591; x_wconf 89' lang='lat' dir='ltr'>est</span> <span class='ocrx_word' id='word_1_312' title='bbox 3466 4517 3657 4592; x_wconf 89' lang='lat' dir='ltr'>linea</span> <span class='ocrx_word' id='word_1_313' title='bbox 3712 4540 3829 4593; x_wconf 87' lang='lat' dir='ltr'>re·</span> 
     </span>
     <span class='ocr_line' id='line_1_31' title="bbox 524 4657 3830 4761; baseline -0 -27"><span class='ocrx_word' id='word_1_314' title='bbox 524 4658 669 4752; x_wconf 50' lang='grc' dir='ltr'>ὡς</span> <span class='ocrx_word' id='word_1_315' title='bbox 718 4682 895 4755; x_wconf 85' lang='lat' dir='ltr'>ergo</span> <span class='ocrx_word' id='word_1_316' title='bbox 945 4660 1302 4759; x_wconf 86' lang='lat' dir='ltr'>(dicunt,)</span> <span class='ocrx_word' id='word_1_317' title='bbox 1358 4659 1552 4736; x_wconf 90' lang='lat' dir='ltr'>linea</span> <span class='ocrx_word' id='word_1_318' title='bbox 1581 4664 1775 4739; x_wconf 60' lang='lat' dir='ltr'>reita</span> <span class='ocrx_word' id='word_1_319' title='bbox 1803 4661 1904 4736; x_wconf 89' lang='lat' dir='ltr'>est</span> <span class='ocrx_word' id='word_1_320' title='bbox 1945 4662 2295 4752; x_wconf 79' lang='lat' dir='ltr'>circuluS,</span> <span class='ocrx_word' id='word_1_321' title='bbox 2347 4660 2564 4761; x_wconf 89' lang='lat' dir='ltr'>cujus</span> <span class='ocrx_word' id='word_1_322' title='bbox 2597 4662 2846 4736; x_wconf 88' lang='lat' dir='ltr'>radius</span> <span class='ocrx_word' id='word_1_323' title='bbox 2886 4660 3237 4736; x_wconf 78' lang='lat' dir='ltr'>infinitus,</span> <span class='ocrx_word' id='word_1_324' title='bbox 3346 4657 3537 4732; x_wconf 90' lang='lat' dir='ltr'>Cum</span> <span class='ocrx_word' id='word_1_325' title='bbox 3577 4670 3830 4733; x_wconf 89' lang='lat' dir='ltr'>autem</span> 
     </span>
     <span class='ocr_line' id='line_1_32' title="bbox 516 4790 3837 4901; baseline 0 -27"><span class='ocrx_word' id='word_1_326' title='bbox 516 4799 656 4874; x_wconf 88' lang='lat' dir='ltr'>hoc</span> <span class='ocrx_word' id='word_1_327' title='bbox 698 4798 862 4873; x_wconf 88' lang='lat' dir='ltr'>casu</span> <span class='ocrx_word' id='word_1_328' title='bbox 899 4799 1068 4877; x_wconf 85' lang='lat' dir='ltr'>idea</span> <span class='ocrx_word' id='word_1_329' title='bbox 1112 4800 1363 4879; x_wconf 89' lang='lat' dir='ltr'>circuli</span> <span class='ocrx_word' id='word_1_330' title='bbox 1405 4801 1793 4880; x_wconf 85' lang='lat' dir='ltr'>neceffario</span> <span class='ocrx_word' id='word_1_331' title='bbox 1836 4804 2302 4881; x_wconf 71' lang='lat' dir='ltr'>connestatur</span> <span class='ocrx_word' id='word_1_332' title='bbox 2354 4827 2526 4880; x_wconf 91' lang='lat' dir='ltr'>cum</span> <span class='ocrx_word' id='word_1_333' title='bbox 2569 4790 3048 4901; x_wconf 85' lang='lat' dir='ltr'>discrepantia</span> <span class='ocrx_word' id='word_1_334' title='bbox 3079 4798 3382 4875; x_wconf 85' lang='lat' dir='ltr'>rationis</span> <span class='ocrx_word' id='word_1_335' title='bbox 3420 4799 3614 4876; x_wconf 84' lang='lat' dir='ltr'>datae</span> <span class='ocrx_word' id='word_1_336' title='bbox 3646 4822 3687 4874; x_wconf 89' lang='lat' dir='ltr'>a</span> <span class='ocrx_word' id='word_1_337' title='bbox 3716 4821 3837 4875; x_wconf 77' lang='lat' dir='ltr'>ra-</span> 
     </span>
    </p>
   </div>
   <div class='ocr_carea' id='block_1_3' title="bbox 2186 4944 3964 5061">
    <p class='ocr_par' dir='ltr' id='par_1_7' title="bbox 2186 4944 3964 5061">
     <span class='ocr_line' id='line_1_33' title="bbox 2186 4944 3964 5061; baseline -0.002 -35"><span class='ocrx_word' id='word_1_338' title='bbox 2186 4948 2257 5025; x_wconf 92' lang='lat' dir='ltr'>R</span> <span class='ocrx_word' id='word_1_339' title='bbox 2301 4970 2354 5026; x_wconf 82' lang='lat'>2</span> <span class='ocrx_word' id='word_1_340' title='bbox 3636 4944 3835 5022; x_wconf 86' lang='lat' dir='ltr'>tione</span> <span class='ocrx_word' id='word_1_341' title='bbox 3944 5042 3964 5061; x_wconf 38' lang='grc'><strong><em>,</em></strong></span> 
     </span>
    </p>
   </div>
  </div>
 </body>
</html>
