4733 5844
874 438 926 513 6

870 602 1448 684 decrescentium
1497 610 1629 676 aut
1659 598 2136 673 crescentium
2173 596 2659 697 perimetri‘&
2691 595 3090 696 superficiei
3131 598 3418 685 circuli,
3485 601 3581 677 ad
3631 600 4066 701 perimetros
4125 598 4207 677 &

874 747 1290 846 superficies
1362 741 1903 839 polygonorum
1976 739 2435 834 regularium
2500 738 2627 838 ipsi
2694 740 3200 838 inscriptorum
3263 754 3395 818 aut
3472 739 4204 838 circumscriptorum.

871 887 1081 963 Idem
1132 885 1326 960 valet
1375 882 1465 955 de
1528 880 2041 979 superficiebus
2091 879 2166 955 δε
2219 880 2750 977 capacitatibus
2817 882 3354 977 cylindrorum,
3423 905 3813 970 conorum,
3898 880 4212 978 sphaera-

842 1049 1078 1112 -rum,
1142 1023 1459 1120 respestu
1507 1023 1979 1119 prismatum‚
2030 1022 2541 1119 pyramidum,
2605 1012 3219 1121 polyhedrorum,
3294 1047 3462 1123 quae
3508 1007 3685 1123 ipsis
3727 1020 4211 1098 inscribuntur

872 1166 955 1258 ἀ
992 1163 1696 1245 circumscribuntur.

1068 1308 1300 1383 Item:
1406 1327 1576 1377 cum
1644 1326 1813 1377 area
1873 1304 2132 1399 figurae
2205 1296 2281 1401 §.
2339 1328 2400 1376 1.
2464 1302 2602 1377 Ex.
2645 1330 2712 1399 3.
2781 1304 2939 1399 Fig.
3001 1331 3061 1380 1.
3132 1305 3346 1380 limes
3398 1304 3486 1381 fit
3545 1306 3992 1383 summarum
4058 1331 4213 1385 cre-

874 1452 1226 1532 scentium
1270 1457 1403 1522 aut
1441 1443 2014 1519 decrescentium
2052 1442 2940 1540 parallelogrammorum,
2995 1466 3161 1541 quae
3206 1446 3334 1544 ipsi
3372 1448 3859 1524 inscribuntur
3892 1460 4024 1524 aut
4076 1450 4216 1524 cir·

878 1595 1497 1674 cumscribuntur:
1586 1588 1776 1662 ratio
1829 1578 2273 1683 aequalitatis
2322 1583 2424 1659 est
2482 1584 2698 1660 limes
2752 1586 3062 1661 rationis
3117 1588 3598 1666 decrescentis
3650 1603 3782 1665 aut
3832 1589 4215 1664 crescentis

876 1736 1221 1835 ejusdem
1260 1733 1517 1828 figurae
1554 1734 1650 1807 ad
1686 1731 2000 1807 summas
2037 1727 2440 1825 praedistaS.
2553 1728 2905 1833 Idemque
2937 1727 3136 1803 valet
3170 1729 3261 1804 de
3295 1728 3535 1804 solidis
3574 1731 3850 1807 ibidem
3894 1754 4219 1807 comme<

878 1880 1189 1959 moratis
1206 1901 1227 1971 3
1278 1875 1356 1952 &
1387 1876 1478 1950 de
1511 1868 1811 1948 suinmis
1841 1870 2379 1967 cylindrorum,
2427 1871 2557 1970 qui
2589 1868 2755 1970 ipfis
2789 1870 3275 1946 inscribuntur
3304 1870 3378 1948 δι
3405 1872 4114 1948 circumscribuntur.

1084 2038 1161 2144 ᾗ.
1214 2066 1284 2139 4.
1400 2043 1779 2146 Theosema.
1882 2039 2050 2115 Sint
2108 2040 2276 2114 duae
2325 2039 2779 2135 quantitates
2813 2037 3305 2132 homogeneae
3355 2036 3676 2112 limitum
3731 2063 4035 2139 capaces
4051 2064 4071 2133 ;
4126 2039 4222 2115 ad

883 2208 1075 2284 quos
1114 2185 1231 2261 vel
1278 2195 1590 2279 utraque
1625 2181 2001 2277 quantitas
2038 2178 2461 2265 crescendo,
2531 2178 2651 2253 vel
2689 2190 3002 2275 utraque
3040 2181 3415 2275 quantitas
3453 2181 3970 2272 decrescendo,
4049 2206 4220 2258 con-

888 2328 1099 2402 tinue
1177 2326 1473 2425 propius
1534 2323 1847 2399 accedit.
1981 2322 2240 2419 Sitque
2299 2321 2487 2395 ratio
2539 2319 2806 2393 harum
2864 2324 3360 2417 quantitatum
3414 2324 3883 2400 mutabilium
3945 2326 4222 2424 semper

889 2467 1196 2559 eadem3
1266 2467 1386 2543 seu
1437 2465 1744 2565 aequalis
1800 2464 2068 2541 rationi
2119 2463 2356 2539 datae:
2437 2461 2605 2538 dico
2650 2461 3020 2541 rationem
3080 2466 3408 2541 limitum
3467 2464 3783 2565 ipsarum
3857 2467 4223 2566 aequalem

890 2604 1037 2683 effe
1074 2607 1324 2684 eidem
1384 2590 1654 2685 rationi
1710 2605 1930 2681 datae.
3720 2573 3730 2590 ’

573 2767 792 2853 fig-3»
1088 2749 1261 2825 sint
1301 2754 1475 2839 AB,
1543 2752 1719 2837 co,
1790 2747 2064 2821 limites
2122 2746 2436 2821 duarum
2500 2751 3001 2845 quantitatum
3029 2754 3524 2832 mutabilium
3596 2753 3778 2835 AX,
3838 2750 3974 2826 σγ.
4110 2751 4228 2827 sit
4365 2726 4376 2735 ’

893 2894 1090 2969 ratio
1136 2899 1294 2968 AX
1334 2918 1351 2969 ε
1411 2893 1547 2971 CY
1612 2892 1890 2989 semper
1946 2891 2258 2989 aequalis
2314 2891 2584 2966 rationi
2652 2893 2846 2970 datae
2917 2920 2981 2965 m
3031 2918 3050 2969 ε
3103 2919 3185 2971 n:
3274 2897 3439 2973 dico
3489 2898 3854 2973 rationem
3905 2894 4229 2970 limitum

898 3040 1085 3118 AB,
1131 3040 1274 3112 Οἱ)
1322 3034 1693 3131 aequalem
1730 3030 1867 3105 effe
1905 3033 2148 3114 eidem
2181 3034 2449 3107 rationi
2482 3035 2678 3109 datae
2725 3061 2789 3105 m
2840 3060 2859 3110 z
2915 3063 2978 3112 η.

681 3204 795 3265 10.
1111 3185 1224 3256 10.
1274 3178 1446 3256 Sint
1489 3177 1664 3254 AB,
1717 3175 1865 3262 CD-
1918 3175 2195 3264 limites
2245 3176 2742 3272 quantitatum
2799 3177 3271 3254 mutabilium
3319 3182 3798 3258 crescentium
3849 3178 4025 3265 AX,
4090 3174 4228 3250 CT.

1105 3321 1191 3398 Si
1227 3321 1416 3398 ratio
1459 3319 1594 3393 AB
1648 3341 1664 3392 ε
1729 3316 1859 3395 CD
1912 3346 2061 3396 non
2114 3318 2201 3394 fit
2241 3318 2548 3416 aequalis
2595 3317 2861 3393 rationi
2925 3321 3121 3396 datae
3173 3348 3234 3393 m
3288 3347 3305 3398 ε
3359 3351 3438 3421 n3
3510 3327 3648 3401 erit
3687 3349 3775 3401 ea
3820 3322 4059 3418 major
4105 3332 4235 3395 aut

904 3463 1187 3539 minor,
1319 3465 1515 3542 Tum
1552 3486 1725 3539 vero
1755 3517 1773 3548 ,
1827 3463 2063 3558 priore
2121 3462 2422 3557 quidem
2463 3461 2666 3551 casu,
2735 3464 2926 3539 ratio
2978 3490 3040 3534 m
3083 3491 3101 3541 ε
3154 3492 3198 3535 η
3249 3470 3554 3560 aequalis
3603 3467 3744 3537 erit
3786 3462 4053 3537 rationi
4104 3461 4236 3534 ali-

902 3603 1127 3700 cujus
1168 3608 1605 3702 quantitatis
1647 3607 1952 3680 minoris
1986 3602 2132 3699 ipsa
2168 3606 2307 3676 AB
2344 3603 2443 3677 ad
2464 3604 2637 3694 CD3
2705 3602 2938 3676 altero
2968 3615 3220 3677 autem
3263 3604 3461 3690 casu,
3512 3605 3701 3680 ratio
3743 3631 3802 3675 m
3842 3628 3859 3678 :
3897 3631 3940 3674 η
3988 3626 4237 3700 aequa-

906 3740 1007 3816 lis
1044 3743 1188 3818 erit
1239 3751 1504 3827 rationi
1529 3750 1667 3823 AB
1708 3746 1805 3820 ad
1848 3744 2169 3842 aliquam
2216 3744 2708 3841 quantitatem
2739 3744 3101 3817 minorem
3155 3767 3378 3840 quam
3414 3750 3567 3821 CD.
3672 3746 3987 3825 Proinde
4035 3758 4238 3818 utro-

923 3901 1066 3977 que
1124 3886 1288 3962 casu
1352 3917 1544 3968 unus
1591 3917 1686 3966 ex
1745 3887 2103 3964 limitibus
2148 3887 2383 3972 minui
2444 3886 2783 3973 deberet,
2865 3896 2954 3961 ut
2998 3887 3188 3961 ratio
3240 3886 3497 3963 limitis
3543 3888 3649 3964 ita
3704 3881 4086 3965 imminuti
4146 3884 4241 3992 ad

924 4022 1243 4103 alterum
1283 4031 1603 4108 limitem
1640 4032 1850 4106 fieret
1880 4001 2185 4144 aequalis
2232 4030 2497 4105 rationi
2545 4053 2607 4099 m
2661 4053 2678 4102 ε
2731 4056 2797 4105 n.
2849 4023 2859 4032 ’
3004 4032 3013 4041 “
3065 4031 3099 4038 ”’

1119 4169 1234 4244 Sit
1283 4173 1571 4272 itaque,
1608 4173 1668 4249 fi
1713 4174 1869 4248 fleri
1926 4170 2166 4271 possit:
2216 4197 2329 4248 m.
2368 4201 2412 4247 n
2460 4209 2532 4242 =
2580 4174 2764 4249 AB:
2806 4171 2962 4249 CD'
2980 4170 3118 4270 (<
3149 4174 3349 4273 Co).
3453 4155 3807 4251 Sumatur
3847 4169 4070 4255 CT>
4102 4158 4247 4244 Co(

925 4284 1164 4384 (quod
1212 4292 1370 4370 fieri
1410 4295 1637 4393 potest
1684 4320 1813 4395 per
1857 4293 2077 4394 hyp.)

1119 4411 1308 4488 Tum
1360 4416 1490 4496 fiat
1594 4443 1639 4490 n
1706 4443 1722 4493 :
1793 4442 1859 4489 m
1954 4452 2028 4480 =
2122 4416 2334 4490 CY.
2389 4414 2549 4487 AX

1118 4507 1361 4609 Atqui
1596 4541 1641 4588 n
1708 4541 1724 4591 :
1793 4542 1857 4586 m
1954 4548 2026 4577 =
2127 4508 2330 4592 CD'.
2315 4541 2330 4557 ·
2386 4517 2524 4589 AB

1121 4606 1323 4705 Ergo
1573 4613 1706 4687 CY
1718 4613 1911 4689 :AX
1958 4645 2030 4674 =
2129 4613 2333 4690 CD':
2394 4617 2527 4688 AB

1128 4707 1282 4781 Sed
1576 4712 1710 4785 CY
1962 4728 2041 4797 5>
2134 4711 2287 4789 CD'
2338 4710 2638 4810 (corfir.)

1131 4802 1329 4899 Ergo
1750 4811 1905 4881 AX
1956 4823 2034 4893 >
2401 4815 2541 4887 AB
2607 4818 2862 4888 contra
2897 4806 3376 4909 hypothesim
3468 4826 3641 4881 cum
3683 4805 3823 4879 AB
3891 4803 3979 4900 fit
4040 4806 4252 4881 limes

939 4922 1373 5016 quantitatis
1418 4927 1802 5009 crescentis
1846 4933 2017 5011 AX·
4133 4976 4278 5049 29:
