4733 5844
3661 395 3804 469 329

695 557 775 664 ᾗ.
827 555 992 641 222.
1031 551 1446 659 'tRigorem
1470 524 1793 636 'huncin
1828 549 2137 630 mathesi
2183 570 2365 652 pura
2389 549 2714 668 ‘omnino
2744 543 3248 641 neceliarium‚
3294 559 3516 651 atque
3566 575 3804 632 unum

476 728 600 780 ex
648 705 957 806 propriis
1006 703 1223 806 ipsius
1279 692 1815 779 charaaeribus
1869 693 2433 800 constituentem
2462 754 2482 787 ‚
2544 694 3065 796 applicationes
3118 691 3285 792 ejus
3330 694 3428 770 ad
3480 694 3757 793 objesta
3778 755 3800 788 ,

462 835 812 946 'quorum
857 846 1183 942 cognitio
1225 845 1315 923 ab
1355 840 1684 919 sensuum
1731 836 2143 933 testimonio
2174 838 2448 938 pendet
2514 837 2712 933 (five
2764 836 2860 911 ad
2901 846 3097 910 artes
3143 835 3597 935 pertineant,
3652 838 3799 916 five

497 988 595 1065 ad
630 988 1046 1082 scientias),
1097 1010 1244 1062 non
1283 985 1511 1061 solum
1553 1006 1703 1057 non
1724 982 2093 1076 ·exigunt;
2161 978 2285 1055 sed
2332 977 2412 1055 δι
2433 976 2985 1056 ἐιῆὲξὶαῑίοηεηι
3021 977 3218 1054 illius
3258 989 3347 1053 ut
3381 977 3802 1078 supervaca-

488 1153 706 1221 neam
723 1186 744 1219 ,
794 1130 972 1230 quin
1009 1130 1195 1229 saepe
1232 1129 1531 1205 noxiam
1565 1123 1934 1223 respuunt.
1966 1122 2082 1222 (a)
2185 1122 2573 1198 Certitudo
2602 1119 3127 1198 mathematica
3156 1121 3249 1203 ab
3285 1122 3799 1204 constitutione

493 1293 939 1367 organorum
974 1271 1379 1348 nostrorum
1425 1259 1930 1367 independens
1979 1266 2202 1344 debet
2246 1264 2385 1340 ess'e
2428 1263 2795 1342 absoluta:
2871 1263 3273 1359 cognitioni
3310 1266 3570 1346 nostrae
3609 1269 3802 1368 phy-

488 1409 654 1488 ficae
676 1468 695 1498 ‚
744 1414 835 1488 ab
874 1413 1119 1491 indole
1150 1415 1483 1491 sensuum
1512 1408 1917 1487 nostrorum
1952 1406 2342 1505 pendenti,
2404 1406 2688 1506 ,semper
2717 1404 2994 1502 aliquid
3032 1405 3218 1482 labis
3252 1410 3659 1496 adhaerebit
3702 1412 3795 1487 ab

480 1549 1025 1651 imperfestione
1072 1574 1515 1656 organorum
1570 1548 1975 1628 nostrorum
1990 1603 2011 1637 ‚
2084 1559 2462 1646 utcunque
2525 1545 3098 1624 exercitatorum
3125 1605 3145 1638 ,
3213 1549 3291 1627 δι
3358 1573 3794 1649 quacunque

481 1704 643 1769 arte
702 1695 1155 1795 adjutorum.
1289 1694 1873 1775 Translationem
1927 1687 2482 1767 abstrastionum
2543 1689 3242 1768 mathematicarum
3307 1694 3406 1769 ad
3457 1692 3793 1770 scientias

475 1836 812 1933 physicas
848 1839 1113 1917 harum
1160 1836 1554 1940 progressui
1601 1831 1894 1910 officere
1944 1831 2135 1930 poss'e
2186 1832 2644 1930 experientia
2680 1830 3029 1926 testatur:
3082 1837 3281 1933 quod
3318 1834 3794 1934 comproban-

478 1979 669 2055 tium
711 1982 1216 2081 exemplorum
1256 2002 1493 2092 pauca
1522 1975 1963 2054 exstantiora
1997 1971 2424 2050 recensebo..
2519 2063 2522 2066 Ι

676 2123 940 2209 Quoad
991 2121 1441 2218 objestorum
1491 2130 1788 2196 tantum
1832 2117 2281 2196 terrestrium
2331 2112 2411 2190 ἀ
2468 2112 2665 2188 lunae
2724 2111 3084 2191 distantiae
3145 2115 3241 2191 ad
3295 2115 3792 2212 indagandam

480 2258 955 2337 velocitatem
1010 2264 1197 2340 lucis
1238 2264 1756 2380 suppetebant3
1827 2260 2303 2337 determinari
2349 2243 2555 2333 haud
2595 2254 2840 2354 potuit
2879 2265 3214 2356 tempuS,
3282 2279 3429 2353 quo
3481 2256 3613 2330 lux
3659 2257 3790 2334 da-

479 2411 645 2476 tum
694 2402 1002 2501 spatium
1045 2407 1416 2482 emetitur.
1534 2405 1750 2484 Unde
1792 2408 2073 2507 judicio
2116 2399 2478 2503 praecipiti
2518 2397 2808 2477 illatum
2849 2398 3028 2487 fuit,
3078 2398 3321 2474 lucem
3333 2396 3592 2498 spatio
3634 2397 3788 2473 cui-

458 2562 770 2651 cunque
811 2548 1242 2623 emetiendo
1285 2548 1568 2624 nullum
1616 2548 2042 2649 impendere
2091 2557 2427 2642 tempus;
2496 2539 2852 2615 velocitas
2896 2538 3064 2637 ejus
3116 2539 3595 2641 pronunciata
3640 2538 3785 2613 fuit

480 2679 806 2758 infinita:
874 2689 1400 2787 explicationes
1437 2689 1607 2766 fasti
1656 2689 1886 2789 hujus
1923 2657 2124 2765 nullo
2158 2682 2481 2762 vellicati
2518 2681 2742 2758 dubio
2781 2681 3077 2759 traditae
3111 2683 3414 2758 fuerunt
3426 2703 3447 2774 3
3515 2679 3780 2778 quibus

476 2825 887 2903 etiamnum
928 2828 1431 2930 adstipulaturi
1461 2832 1804 2920 essemus,
1854 2828 1987 2905 nisi
2036 2826 2570 2906 observationes
2606 2824 2684 2900 in
2712 2821 3133 2925 corporibus
3177 2822 3398 2919 longe
3433 2817 3782 2898 remotio-

474 2966 680 3044 ribus
720 2971 1072 3052 institutae
1106 2974 1365 3050 falsum
1409 2973 1547 3050 esse
1572 3027 1595 3062 ,
1636 2974 1837 3070 quod
1874 2970 2394 3081 explicandum
2434 2967 2851 3046 sumebatur
2869 3025 2891 3057 ,
2945 2965 3368 3043 docuissent.

675 3111 793 3187 Ex
833 3116 1236 3214 apparente
1278 3116 1755 3194 direstionum
1791 3117 2131 3214 gravium
2178 3134 2448 3212 parum.
2480 3112 2802 3187 invicem
2842 3108 3265 3186 distantium
3297 3108 3785 3206 parallelismo

464 3242 880 3349 superficies
927 3254 1208 3328 telluris
1254 3256 1382 3329 diu
1416 3246 1629 3353 plana
1665 3257 1807 3328 fuit
1849 3255 2217 3350 judicata:
2292 3250 2389 3322 ad
2435 3252 2972 3325 rotunditatem
3019 3262 3239 3325 terrae
3284 3247 3785 3323 stabiliendam

416 3474 427 3487 ,
460 3394 653 3468 alius
686 3396 980 3490 generis
1018 3394 1638 3473 observationibus
1673 3415 1858 3492 opus
1888 3391 2065 3479 fuit,
2116 3410 2282 3488 quae
2313 3386 2904 3489 philosophorum
2942 3389 3194 3464 oculos
3222 3387 3449 3463 serius
3478 3388 3780 3464 demum
3875 3410 3882 3418 ’

450 3535 946 3635 perculerunt.

661 3678 781 3753 Ex
831 3674 1134 3753 sensibili
1177 3675 1588 3775 ponderum
1641 3686 2028 3776 corporum
2066 3677 2170 3753 ad
2219 3672 2593 3750 distantias
2635 3690 2897 3770 parum
2945 3670 3261 3751 diversas
3310 3694 3355 3747 a
3403 3669 3776 3770 superficie

463 3820 754 3897 telluris
818 3817 1240 3914 aequalitate
1298 3815 1428 3890 diu
1488 3816 1741 3895 inferri
1803 3819 2177 3896 consuevit
2232 3815 2620 3915 aequalitas
2690 3812 2991 3919 astionis
3060 3811 3294 3890 causae
3351 3811 3777 3910 gravitatis:

468 3962 703 4038 donec
736 3955 1036 4057 phyfica
1056 3974 1065 3981 “
1084 3953 1404 4030 exaftior
1441 3956 1834 4030 testimonii
1878 3932 2208 4033 sensuum
2246 3957 2733 4034 <aestimatione
2784 3946 3217 4028 accuratiori
3251 3951 3332 4030 &
3364 3951 3778 4030 discuffione

463 4093 1123 4207 phaenomenorum
1160 4094 1594 4174 immediate
1621 4095 1773 4176 illis
1814 4096 2021 4174 haud
2053 4097 2438 4178 obviorum
2485 4091 2904 4193 opinionem
2946 4092 3140 4169 hanc
3169 4094 3466 4172 delevit·

544 4409 671 4495 (a)
707 4404 1309 4475 Animadverfiones
1341 4404 1408 4469 in
1435 4406 1923 4489 applicationem
1950 4404 2302 4474 matheseos
2320 4402 2410 4469 -ad
2439 4344 2764 4489 ·ph¹yficam
2797 4400 3019 4486 Capite
3057 4401 3186 4467 hoc
3225 4403 3503 4479 traditae,
3545 4404 3779 4487 paritet

710 4535 786 4579 ac
820 4511 1233 4578 deduffiones
1270 4508 1579 4594 expositae
1629 4511 1846 4597 Capite
1881 4512 2023 4579 ΧΠ.
2062 4510 2526 4579 Differtationis
2562 4527 2761 4573 meae:
2830 4499 3246 4590 Exposition
3292 4506 3411 4571 des
3445 4503 3778 4591 principes

708 4616 837 4683 des
863 4617 1114 4683 calculs
1139 4612 1544 4703 superimrs,
1603 4619 1971 4684 conformes
2003 4619 2147 4698 sunt
2177 4615 2522 4692 doctrinis,
2579 4632 2729 4698 quas
2767 4631 2855 4677 ex
2887 4631 3003 4676 ore
3044 4611 3192 4676 Dni.
3230 4611 3330 4675 Lx
3348 4608 3541 4676 Sam:
3569 4612 3775 4687 haufi.

578 4755 595 4759 ·
714 4743 845 4808 quo
869 4733 1157 4804 tempore
1186 4721 1383 4787 studia
1410 4743 1549 4790 mea
1573 4722 2002 4819 philosophica
2025 4721 2096 4790 δι
2122 4718 2559 4787 mathematica
2590 4715 2820 4787 affectu
2843 4726 3109 4804 paterno
3138 4714 3412 4801 regebat.
3453 4713 3601 4785 vid.
3622 4715 3774 4783 Diff.

618 4880 625 4892 .
718 4827 1327 4911 εὼΝοὴαΡΗαιο
2135 4922 2197 5000 T
2352 4886 2355 4893 .

2245 4932 2283 4999 t
