4733 5844
3733 460 3782 537 ³3

452 616 994 714 logarithmicae
1046 615 1181 717 (ad
1225 615 1756 715 Asymptotum
1802 570 2158 715 tanquam
2195 606 2445 689 Axem
2489 603 2784 703 relatae)
2848 605 3490 708 comprehensum,
3560 635 3779 691 accu-

455 770 617 836 rate
683 759 966 857 aequale
1030 757 1132 836 est
1186 758 1608 856 restangulo
1663 757 1851 836 fastu
1917 776 2015 831 ex
2073 750 2558 853 subtangente
2621 746 2701 828 &
2750 727 3164 826 differentia
3218 748 3507 829 illarum
3548 755 3779 856 appli-

454 914 809 979 catarum.
939 901 1175 1001 Atqui
1224 888 1463 978 minor'
1511 902 1778 978 harum
1819 898 2324 977 ordinatarum
2376 890 2609 995 potest
2655 888 2866 967 reddi
2910 892 3150 968 minor
3195 892 3390 969 linea
3453 918 3776 993 quacun·

386 1048 393 1053 ’
450 1049 598 1143 que
644 1030 1154 1141 magnitudine
1213 1044 1423 1136 data,·
1504 1043 1810 1149 proinde
1874 1037 2114 1137 major
2166 1036 2435 1112 harum
2480 1034 2984 1110 ordinatarum
3021 1034 3235 1110 limes
3282 1036 3384 1112 est
3442 1034 3782 1116 differen-

450 1186 580 1263 tiae
654 1184 1041 1262 crescentis
1100 1186 1526 1263 earundem.
1648 1186 1749 1261 Et
1806 1179 2312 1276 restangulum
2359 1177 2638 1255 saecum
2686 1197 2785 1250 ex
2843 1176 3329 1275 subtangente
3385 1176 3463 1255 ὅ(
3512 1178 3777 1277 majori

302 1349 306 1353 ·
449 1326 823 1416 ordinata,
919 1326 1021 1402 est
1075 1327 1288 1406 limes
1358 1330 1565 1430 spatii
1624 1320 2125 1425 logarithmici
2193 1316 2618 1403 crescentis,
2715 1336 2942 1416 quem
2999 1319 3311 1419 spatium
3365 1320 3508 1394 hoc
3585 1310 3778 1398 nun-

371 1451 376 1457 ’
424 1462 676 1567 'q'uam
716 1467 1056 1562 attingit,
1123 1469 1243 1548 sed
1278 1475 1374 1549 ad
1414 1498 1637 1572 quem
1670 1469 2022 1548 accedere
2071 1459 2305 1563 potest
2342 1457 2642 1562 propius
2680 1480 2905 1558 quam
2939 1458 3251 1561 spatium
3290 1463 3776 1565 quodcunque

333 1616 339 1627 “
446 1610 626 1685 dato
658 1601 1003 1708 praedisto
1039 1610 1461 1712 restangulo
1498 1617 1765 1693 minus·
2423 1591 2428 1597 ⁴
3143 1594 3148 1601 ⁹

662 1751 1045 1842 Exemplum
1097 1756 1292 1827 ΝΜ-
1409 1756 1971 1835 Demonstrante
2044 1748 2673 1827 ARcmMEnE
2751 1752 2878 1844 (de
2923 1751 3186 1842 Sphoera
3239 1743 3337 1822 c&
3416 1748 3780 1848 cylindro)

439 1893 621 1969 iicet
682 1868 954 1967 circulo
1029 1892 1415 1975 inscribere
1490 1898 1571 1976 ἀ
1644 1893 2230 1976 circumscribere
2310 1880 2685 1990 polygona
2748 1893 3086 1968 ordinata
3155 1893 3593 1987 cognomina
3655 1893 3780 1972 seu

359 2030 369 2039 ’
442 2032 705 2108 similia
732 2089 750 2120 ,
836 2055 1151 2130 quorum
1222 2041 1545 2116 ambitus
1598 2040 1675 2116 ὅ(
1739 2037 2151 2139 superficies
2228 2033 2319 2111 ab
2385 2035 2671 2110 ambitu
2739 2034 2819 2111 δι
2888 2032 3263 2133 superficie
3321 2034 3577 2113 circuli
3619 2037 3780 2115 “dif-

440 2173 729 2250 ferunt
779 2174 1026 2249 minus
1089 2199 1313 2274 quam
1373 2182 1525 2256 ulla
1577 2179 1773 2257 linea
1839 2191 1971 2254 aut
2038 2176 2188 2252 ulla
2235 2175 2607 2275 superficie
2671 2164 3042 2274 affignata.
3127 2176 3330 2277 ‘Jam
3399 2202 3574 2255 vero
3624 2203 3782 2257 am«

439 2316 649 2392 bitus
710 2315 790 2392 δι
860 2315 1277 2415 superficies
1339 2324 1591 2399 circuli
1651 2321 1971 2421 majores
2011 2387 2014 2390 .
2051 2321 2215 2396 sunt
2291 2319 2706 2418 perimetris
2762 2318 2840 2396 ὅ(
2890 2302 3409 2416 superficiebus
3469 2323 3779 2421 polygo-

440 2428 711 2533 norum
771 2458 1278 2559 inscriptorum
1291 2487 1314 2558 ‚·
1406 2462 1729 2541 minores
1792 2490 1970 2543 vero
2027 2463 2445 2566 perimetris
2508 2459 2587 2535 &
2645 2458 3170 2558 superficiebus
3239 2461 3779 2559 polygonorum

444 2601 1177 2701 circumscriptorum.¹
1326 2609 1503 2685 Ideo
1566 2610 1894 2695 ambitus
1971 2602 2049 2686 &
2108 2602 2523 2704 superficies
2582 2602 2837 2679 circuli
2897 2603 3063 2677 sunt
3130 2601 3518 2701 respefflve
3587 2605 3779 2679 limi-

441 2754 562 2819 tes
603 2745 1169 2841 perimetrorum
1218 2747 1299 2824 &
1346 2749 1891 2849 superficierum
1936 2747 2457 2847 (crescentium
2508 2757 2643 2818 aut
2683 2743 3305 2835 decrescentium)
3372 2744 3781 2842 polygono-

437 2905 608 2960 rum
651 2883 1193 2976 ordinatorum,
1261 2911 1429 2987 quae
1478 2891 1753 2969 circulo
1792 2891 2316 2979 inscribuntur,
2350 2898 2486 2963 aut
2523 2886 2768 2961 eidem
2815 2884 3528 2963 circumscribuntur.
3630 2888 3781 2962 Eo·
3841 2882 3848 2883 f

402 3027 615 3124 fldem
661 3027 884 3104 modo
924 3027 992 3103 se
1038 3030 1318 3107 habent
1364 3031 1778 3131 superficies
1838 3031 1916 3113 <Sc
1974 3034 2424 3135 capacitates
2467 3028 3013 3126 cylindrorum,
3087 3050 3474 3117 conomm,
3541 3028 3778 3128 sphae-

380 3229 385 3240 .
432 3187 689 3241 rarum
716 3223 736 3253 ,
802 3168 899 3240 ad
945 3169 1354 3267 superficies
1404 3198 1497 3249 ac
1538 3176 1760 3253 solida
1812 3180 2290 3278 prismatum,
2369 3171 2882 3274 pyramidum,
2954 3161 3564 3268 polyhedrorum,
3634 3170 3778 3247 illis

432 3305 953 3402 inscriptorum
992 3322 1122 3382 aut
1169 3301 1902 3412 circumscriptorum.

636 3446 880 3520 Item:
984 3447 1207 3519 Ratio
1276 3450 1721 3544 aequalitatis
1781 3456 1997 3532 limes
2054 3457 2160 3531 est
2218 3456 2592 3532 rationum
2643 3455 3122 3528 crescentium
3178 3465 3312 3528 aut
3357 3455 3777 3531 decrescen⁴

430 3590 667 3676 tium,
734 3606 917 3683 quas
966 3584 1341 3683 perimetri
1405 3601 1537 3663 aut
1597 3590 2010 3690 superficies
2060 3597 2604 3695 polygonatum
2653 3595 3099 3689 regularium
3153 3585 3423 3669 circulo
3480 3594 3778 3695 inscrip-

422 3742 694 3810 ‘torum
732 3739 865 3806 aut
911 3728 1620 3828 circumscriptorum
1673 3734 1953 3811 habent
2010 3739 2110 3813 ad
2160 3721 2522 3814 ambitum
2573 3733 2651 3811 δε
2699 3733 3150 3834 superficiem
3198 3736 3470 3812 circuli.
3571 3737 3779 3813 Idem

318 3907 321 3916 f
430 3864 639 3951 <valet
666 3872 775 3948 ‘de
824 3872 1269 3961 rationibuS,
1323 3887 1507 3968 quas
1557 3877 1913 3971 cylindri,
1960 3882 2162 3988 coni,
2216 3879 2518 3979 sphaerae
2551 3877 2830 3953 habent
2867 3879 2964 3954 ad
3004 3879 3398 3977 prismata,
3449 3879 3775 3980 pyrami-
3825 3986 3829 3989 Α

323 4077 332 4090 .
434 4016 607 4103 deS,
664 4013 1109 4114 polyhedra,
1157 4011 1323 4110 ipfis
1371 4012 1710 4114 inscripta
1755 4030 1887 4092 aut
1928 4009 2495 4120 circumscrIpta.
3055 4005 3059 4012 ’

508 4207 517 4214 .
644 4159 1027 4248 Exemplum
1058 4152 1260 4248 3c1um,
1384 4157 1499 4232 Sit
1565 4183 1792 4236 curva
1853 4182 2313 4258 quaecunque
2364 4162 2461 4236 ad
2513 4184 2733 4235 axem
2779 4143 3098 4259 aliquem
3146 4162 3398 4236 relata.
3523 4159 3772 4237 Reaae

441 4297 650 4387 huic=
680 4296 805 4371 axi
861 4296 1259 4370 ordinatim
1308 4272 1692 4396 applicatae
1747 4303 2099 4377 contin-uo
2151 4302 2517 4395 crescant;
2604 4326 2649 4377 a
2705 4327 2875 4379 zero
2932 4329 3168 4403 usque
3214 4306 3308 4380 ad
3361 4303 3765 4376 maximam

428 4440 794 4539 ipsarum,
843 4458 1012 4535 quae
1057 4435 1382 4512 sumatur
1420 4463 1550 4538 pro
1586 4443 1754 4519 basi.
1874 4443 2070 4519 Axis
2120 4445 2495 4521 dividatur
2536 4446 2615 4521 in
2663 4457 2912 4544 partes
2960 4459 3434 4545 quotcunque
3472 4445 3663 4519 inter
3699 4437 3769 4515 se

415 4578 793 4676 ·aequa1es.
939 4577 1079 4653 Per
1137 4579 1384 4654 omnia
1442 4575 1705 4680 punsta
1765 4586 2133 4663 divisionis
2180 4588 2546 4665 ducantur
2599 4590 2709 4665 ‹ad
2771 4614 3074 4668 curvam
3132 4591 3348 4669 restae
3404 4588 3525 4665 axi
3575 4560 3770 4662 ordi·

448 4723 685 4796 natim
733 4722 1136 4820 applicatae.
1241 4722 1479 4822 Super
1524 4724 1668 4800 bafi
1705 4726 1782 4802 ὅ(
1834 4729 2177 4806 omnibus
2224 4730 2438 4806 restis
2486 4733 2884 4811 ordinatim
2911 4734 3307 4834 ‘applicatis
3349 4728 3770 4805 construan-

412 4873 571 4937 ·tur
630 4860 875 4936 versus
930 4864 1283 4942 verticem
1333 4868 2055 4967 parallelogramma,
2120 4897 2437 4971 quorum
2488 4876 2717 4953 altera
2772 4877 3003 4952 latera
3049 4874 3189 4949 fint
3224 4885 3469 4972 partes
3514 4896 3767 4973 aequa-

1164 5001 1185 5020 “
2095 5010 2170 5089 A
2221 5039 2266 5092 2
2373 5043 2378 5050 ²
3081 5005 3086 5010 ’
3656 5018 3770 5095 les
