4733 5844
3600 409 3736 494 19⁶3

640 580 716 683 §.
774 598 934 673 130.
1035 569 1233 649 Hinc
1268 568 1732 648 deducuntur
1766 562 2102 646 methodi
2143 569 2479 641 centrum
2526 559 2909 659 gravitatis
2948 558 3275 663 cujusvis
3311 568 3570 667 figurae
3613 573 3742 649 de⁴

444 721 912 803 terminandi.
1046 716 1332 814 Nempe
1384 714 1918 788 determinetur
1963 708 2269 789 solidum
2313 707 2678 781 rotatione
2715 705 2974 803 figurae
3013 710 3241 808 huJus
3282 712 3475 786 circa
3523 732 3742 786 axem

441 864 845 965 quemlibet
890 858 1261 955 genitum3
1315 856 1513 954 quod
1563 852 2123 929 transformetur
2179 844 2272 953 in·
2295 850 2602 945 prisma,
2677 845 2892 945 cujus
2945 850 3129 927 basis
3178 853 3267 927 fit
3314 851 3458 950 ipsa
3504 850 3743 949 figura

417 1019 712 1084 tutata:
760 1000 1074 1079 altitudo
1112 995 1339 1094 hujus
1372 994 1743 1094 prismatis
1782 992 2173 1066 imminuta
2213 989 2290 1064 in
2335 986 2618 1065 ratione
2666 979 3275 1070 circumferentiae
3313 994 3408 1070 ad
3450 996 3741 1072 radium

438 1151 578 1225 erit
627 1144 963 1224 distantia
1007 1141 1244 1217 centri
1286 1136 1669 1234 gravitatis
1710 1129 1935 1230 hujus
1979 1129 2239 1227 figurae
2275 1130 2365 1204 ab
2401 1151 2542 1204 axe
2582 1129 2987 1206 rotationis·
3090 1128 3187 1206 Et
3222 1136 3522 1230 proinde
3563 1160 3734 1213 cen-

433 1302 636 1366 trum
685 1286 1070 1386 gravitatis
1117 1281 1346 1380 ipsum
1394 1275 2033 1360 determinabitur,
2101 1267 2152 1346 fi
2191 1270 2776 1345 determinentur
2811 1269 3034 1348 solida
3073 1273 3435 1351 rotatione
3478 1276 3737 1373 figurae

427 1428 661 1529 hujus
706 1430 916 1535 circa¹
938 1428 1124 1501 duos
1159 1444 1338 1499 axes
1388 1417 1558 1514 (fibi
1594 1417 1909 1491 invicem
1953 1438 2097 1488 non
2151 1411 2572 1511 parallelos)
2624 1415 2896 1510 genita.
2967 1422 2971 1433 '

630 1569 1264 1665 viciffim,centro
1292 1560 1676 1657 gravitatis
1717 1553 1975 1653 figurae
2015 1550 2329 1652 alicujus
2368 1548 2715 1652 politione
2747 1556 2957 1642 dato,
3003 1553 3586 1634 determinantur
3630 1556 3739 1634 so-

429 1714 582 1790 lida
627 1713 990 1817 rotatione
1037 1706 1299 1802 figurae
1341 1699 1566 1798 hujus
1618 1699 1806 1772 circa
1851 1717 2071 1773 axem
2104 1694 2508 1792 quemlibet
2552 1694 2902 1794 positione
2943 1700 3199 1774 datum
3242 1687 3511 1796 genita.

629 1854 912 1930 Eadem
954 1848 1409 1949 applicantur
1453 1844 1549 1917 ad
1595 1839 2008 1939 superficies
2050 1835 2415 1910 rotatione
2458 1837 2771 1936 alicujus
2827 1840 3040 1918 lineae
3091 1841 3283 1916 circa
3325 1840 3510 1916 duos
3556 1862 3735 1916 axes

425 1999 744 2097 genitas,
2079 2090 2084 2097 .
2898 2068 2901 2071 Α
3732 2100 3735 2103 ¹

633 2131 897 2227 Quodfi
948 2140 1200 2206 autem
1252 2125 1489 2224 figura
1550 2119 2019 2220 symmetrica
2067 2115 2205 2207 est,
2298 2117 2421 2195 seu
2484 2145 2702 2198 axem
2762 2122 3082 2222 aliquem
3145 2122 3405 2221 figurae
3461 2124 3732 2202 habet:

418 2279 778 2381 quoniam
830 2284 1163 2348 centrum
1205 2258 1588 2364 gravitatis
1634 2263 1798 2362 ejus
1841 2263 1918 2336 in
1961 2261 2102 2336 hoc
2137 2284 2277 2336 axe
2322 2258 2540 2337 litum
2581 2261 2721 2351 est,
2789 2277 2875 2339 ut
2920 2262 3174 2363 politio
3228 2265 3461 2341 centri
3506 2266 3734 2365 hujus

421 2419 1003 2499 determinetur,
1055 2409 1315 2487 sufficit
1350 2417 1814 2483 momentum
1862 2402 2117 2499 figurae
2161 2424 2526 2500 quaerere,
2578 2404 2897 2506 respectu
2932 2406 3152 2483 unius
3197 2405 3448 2497 restae,
3516 2432 3583 2484 v.
3617 2398 3731 2503 gr,

422 2559 751 2660 respeau
795 2558 1046 2646 lineae,
1096 2575 1266 2655 quae
1308 2549 1395 2626 fit
1440 2549 1564 2625 axi
1608 2520 2206 2623 huic'o'rdinatim
2242 2546 2627 2644 applicata.

1397 2954 1402 2960 Ι
1459 2851 1725 2930 CAPUT
1769 2922 1772 2926 .
1831 2870 2210 2934 nummum
2309 2868 2727 2932 omni-um.

607 3019 730 3107 De
757 2986 1027 3134 Jblidis
1078 3042 1497 3130 earumque
1518 3013 2060 3132 superficiebus
2113 3017 2202 3097 in
2244 3038 2557 3121 genere,
2627 3030 2701 3095 et
2755 3011 2845 3096 de
2896 3009 3172 3095 curvis
3227 3009 3554 3124 duplicis

1834 3167 2306 3234 curvatum.

428 3339 901 3514 Solidorum
948 3376 1432 3453 rotundorum
1489 3375 1971 3473 proprietates
2021 3389 2206 3453 tum-
2234 3403 2276 3453 a
2326 3379 2561 3476 figura
2608 3376 2966 3473 genitrice
2987 3431 3006 3462 ,
3076 3386 3238 3451 tum
3289 3400 3331 3451 a
3387 3377 3733 3475 politione

433 3526 636 3610 axiS,
703 3522 894 3632 circa
931 3542 1153 3617 quem
1190 3516 1426 3614 figura
1451 3519 1626 3594 'haec
1671 3530 1991 3606 rotatur,
2058 3519 2418 3616 pendere,
2474 3519 2551 3594 in
2592 3517 2830 3593 tribus
2862 3517 3223 3615 capitibus
3255 3519 3739 3615 praecedenti·
3854 3507 3859 3514 ’

428 3635 580 3745 bus¹
625 3662 914 3740 abunde
955 3661 1098 3737 fuit
1145 3659 1620 3734 declaratum.
1723 3660 1971 3736 Solida
2020 3658 2183 3738 haec
2231 3664 2596 3761 praecipue
2642 3658 3209 3737 mathematicos
3262 3671 3733 3757 occuparunt.

431 3809 727 3883 Dantur
766 3816 1020 3880 autem
1060 3803 1446 3879 innumera
1493 3798 1635 3874 alia
1675 3803 1730 3876 a'
1765 3800 2009 3876 solidis
2052 3802 2390 3878 rotundis
2442 3801 2756 3893 diversa3
2823 3821 3136 3897 quorum
3183 3802 3512 3898 potiores
3552 3793 3739 3879 duas

3468 3942 3740 4041 species

675 4084 830 4150 bafis
856 4099 1024 4147 vero
1058 4079 1276 4143 eadem
1314 4076 1391 4143 fit
1421 4097 1566 4143 cum
1596 4076 1877 4144 sestione
1917 4081 2149 4144 annuli.
2232 4079 2603 4147 Gunnnms
2645 4079 2785 4162 (De
2816 4090 3043 4145 centro
3065 4078 3489 4172 gravitatis„
3507 4081 3736 4168 Lib„11.

679 4188 955 4257 Viennae
988 4187 1166 4266 1640.
1221 4183 1367 4268 Cap.
1389 4183 1555 4249 VIII.
1600 4183 1787 4266 Prop.
1815 4184 1929 4266 Π.)
1991 4183 2302 4266 regulam,
2359 4203 2543 4264 quam
2582 4196 2812 4258 vocat,
2856 4185 3211 4269 generalem
3254 4187 3739 4270 compositionis

674 4291 1057 4378 potestatum
1103 4290 1513 4352 rotundarum
1557 4288 1717 4354 hanc
1772 4288 2066 4368 tradidit„
2125 4285 2234 4358 ,sed
2287 4307 2401 4369 per
2460 4286 2893 4376 inductionem
2949 4302 3193 4355 tantum
3246 4290 3692 4374 comprobavit
3714 4310 3735 4353 ε

679 4396 1077 4475 „Quantitas
1116 4394 1386 4458 rotunda
1437 4392 1502 4453 in
1535 4392 1712 4454 viam
1756 4391 2101 4454 rotationis
2156 4391 2435 4468 (lineam
2481 4391 2880 4468 circularem,
2939 4405 3121 4479 quam
3163 4396 3587 4461 in·‘rotatione
3629 4392 3737 4454 de-

679 4501 954 4578 „scribit-
980 4509 1268 4563 centrum
1301 4494 1628 4579 gravitatis
1664 4494 2110 4578 magnitudinis
2148 4495 2421 4569 rotatae)
2468 4494 2648 4559 duEta
2670 4498 2962 4579 producit
2999 4501 3374 4585 potestatem
3409 4498 3743 4561 rotundam

685 4609 878 4681 „uno
930 4604 1124 4686 gradu
1163 4602 1455 4697 altiorem
1507 4596 1815 4680 potestate
1868 4597 2004 4661 five
2063 4599 2408 4681 quantitate
2446 4609 2731 4675 rotata.„
2832 4603 3418 4668 Demonstrationes
3468 4598 3739 4683 reg-ulae,
3811 4629 3815 4637 Δ
3950 4625 3998 4644 -·

688 4729 829 4792 quae
867 4706 944 4767 ad
984 4705 1376 4770 GuLntnum
1415 4712 1708 4783 tanquam
1747 4703 2155 4767 inventorem
2191 4703 2413 4765 referri
2447 4704 2822 4784 consuevit,
2877 4713 3040 4775 varii
3078 4709 3303 4773 deinde
3344 4707 3547 4772 varias
3591 4723 3738 4789 pro-

413 4788 420 4796 ’
492 4842 516 4863 .
573 4819 580 4824 ·
689 4812 1051 4896 posuerunt.
1095 4807 1283 4875 Conf.
1315 4810 1722 4876 Mon-mena
1759 4805 1954 4888 Hzst.
1998 4805 2119 4871 des
2151 4804 2395 4872 Mam.
2440 4805 2520 4874 T.
2552 4807 2628 4875 11.
2670 4829 2733 4893 p.
2765 4829 2863 4896 19.
2882 4815 3007 4899 sqq.

1957 4971 1960 4974 ι
2018 4913 2086 4990 Β
2136 4913 2183 4990 b
