4733 5844
3631 395 3772 470 271

624 633 625 636 x
669 551 1027 653 Exempla
1079 552 1247 629 haec
1292 543 1715 632 ostendunt,
1772 504 2212 622 methodum
2259 541 2729 643 posteriorem
2775 547 3198 642 (quatenus
3237 545 3770 645 quantitatum,

466 736 636 812 quae
685 667 1035 841 ffiffiffge
1082 711 1296 790 reddi
1339 710 1616 788 debent
1632 765 1654 798 ,
1717 707 2216 790 evolutionem
2261 733 2412 787 non
2464 703 2808 808 requirit)
2876 710 3112 807 priore
3152 711 3511 789 methodo
3550 735 3779 812 gene·

458 873 594 952 rali
634 874 826 976 posse
866 872 1004 949 ess'e
1051 869 1453 947 faciliorem
1489 891 1575 943 ac
1608 869 2042 946 breviorem.

653 1055 733 1160 §.
788 1074 950 1156 185.
1051 1057 1137 1135 In
1187 1056 1547 1157 exemplis
1599 1059 2188 1157 praecedentibus
2247 1055 2509 1132 relatio
2556 1054 2765 1132 finita
2818 1056 3013 1132 inter
3060 1060 3513 1154 quantitates
3567 1066 3773 1146 inco·-

463 1203 715 1301 gnitas
745 1203 851 1278 ita
890 1201 1034 1278 fuit
1064 1200 1217 1301 post
1252 1193 1950 1276 differentiationem
1981 1198 2469 1277 determinata
2490 1253 2510 1286 ,
2557 1208 2644 1274 ut
2681 1196 2851 1297 ipsae
2889 1199 3341 1296 quantitates
3368 1205 3767 1305 incognitae

453 1342 743 1441 (quoad
786 1337 1207 1439 imperfefta
1264 1339 1769 1435 aequationum
1810 1343 2132 1421 dostrina
2179 1340 2583 1442 permittit)
2632 1338 2909 1438 possent
2953 1338 3306 1437 affignari.
3368 1365 3372 1370 ’
3440 1350 3770 1431 Transeo

455 1485 553 1560 ad
580 1483 956 1586 exempla,
1007 1479 1275 1580 quibus
1313 1479 1615 1576 quaestio
1641 1481 1999 1583 propofita
2021 1482 2588 1560 indeterminata
2612 1483 2751 1559 esse
2778 1483 3106 1574 videtur,
3169 1488 3511 1583 quoniam
3533 1516 3767 1592 quan-

447 1627 753 1703 titatum
797 1622 1340 1721 incognitarum
1403 1643 1756 1697 numerus
1803 1623 2096 1699 videtur
2140 1627 2646 1724 aequationum
2679 1597 3089 1703 'numerum
3128 1626 3458 1728 superare
3492 1657 3511 1708 :
3588 1659 3762 1714 cum

443 1778 699 1844 tamen
750 1733 1051 1864 quaestio
1081 1760 1440 1862 propofita
1473 1765 1719 1865 reapse
1760 1762 1849 1841 fit
1888 1766 2417 1857 determinata,
2465 1765 2518 1841 fi
2554 1778 2817 1846 natura
2853 1764 3018 1863 ejus
3058 1771 3418 1847 attentius
3450 1790 3760 1874 perpen-

442 1910 684 1984 datur.
825 1907 992 1983 Hoc
1060 1904 1544 2005 quaestionum
1591 1929 1827 2006 genus
1846 1927 1866 1945 ·
1896 1919 1984 1983 ut
2033 1907 2343 1986 facilius
2384 1909 2882 2005 intelligatur,
2954 1909 3303 1986 nonnulla
3353 1936 3757 2016 proponam

440 2047 813 2149 exempla,
865 2072 909 2123 a
941 2046 1496 2148 simplicioribus
1537 2050 1914 2129 ordiendo,

629 2236 1016 2329 Exemplum
1045 2238 1352 2330 primum.
1454 2237 1762 2314 Summa
1808 2198 2166 2335 proposita
2192 2223 2247 2305 ‘n
2292 2235 2688 2313 dividenda
2736 2236 2826 2313 fit
2874 2237 2950 2313 in
2999 2248 3152 2314 tres
3194 2251 3480 2339 partes,
3527 2244 3625 2322 fic
3664 2253 3751 2326 ut

433 2375 713 2457 summa
758 2380 1286 2478 quadratorum
1329 2405 1426 2456 ex
1468 2378 1733 2455 iisdem
1766 2373 2126 2456 Tattorum
2158 2376 2248 2454 fit
2280 2379 2612 2454 omnium
2640 2379 2976 2457 minima.

622 2547 792 2623 Hoc
833 2549 998 2625 casu
1033 2562 1186 2625 tres
1236 2556 1630 2625 occurrunt
1661 2545 2115 2644 quantitates
2148 2543 2584 2639 incognitae,
2636 2541 2714 2621 δι
2747 2554 2998 2621 tamen
3027 2548 3261 2645 prima
3300 2548 3540 2627 fronte
3572 2552 3743 2631 duae
3860 2542 3879 2560 ’

427 2696 722 2764 tantum
775 2693 1079 2791 proponi
1122 2689 1580 2766 conditiones
1626 2657 1978 2763 ¹*videntur
2000 2742 2020 2775 ,
2099 2708 2413 2785 quarum
2465 2707 2611 2760 una
2665 2685 2762 2760 ad
2802 2684 3162 2766 summam
3219 2692 3468 2767 datam
3499 2694 3746 2793 ¹trium

423 2831 749 2931 partium
779 2833 1130 2925 refertur,
1180 2833 1409 2910 altera
1441 2830 1538 2905 ad
1582 2827 1941 2907 summam
1981 2825 2312 2905 omnium
2342 2824 2726 2903 minimam
2760 2828 3287 2924 quadratorum
3318 2835 3746 2914 earundem.
3839 2901 3849 2906 -

427 2975 671 3064 Quare
715 2977 1091 3078 problema
1138 2973 1583 3077 propofitum
1622 2975 1854 3072 potest
1893 2972 2127 3053 videri
2161 2968 2860 3087 indeterminatum:
2923 2950 3121 3068 quod
3172 2984 3424 3050 tamen
3440 3030 3460 3065 ,
3506 2999 3589 3053 re
3622 3001 3745 3054 ac-

426 3100 753 3193 curatius
792 3119 1135 3218 perpensa
1157 3176 1177 3209 ,
1227 3116 1475 3217 reapse
1501 3117 1603 3192 est
1634 3115 2233 3192 determinatum.
2335 3112 2677 3202 Etenim,
2711 3122 2921 3211 parte
2953 3114 3278 3212 qualibet
3300 3121 3561 3196 eadem
3582 3143 3743 3198 ma-

425 3265 687 3343 nente,
733 3255 904 3335 duae
942 3259 1245 3352 reliquae
1282 3268 1530 3355 partes
1568 3253 1840 3328 debent
1872 3252 2009 3325 effe
2034 3253 2353 3327 invicem
2387 3253 2752 3347 aequaleS,
2798 3265 2883 3328 ut
2906 3255 3428 3348 quadratorum
3457 3261 3739 3340 summa

423 3392 692 3493 (pofita
730 3397 950 3473 unius
986 3398 1216 3497 partis
1263 3391 1701 3492 constantia)
1761 3389 1850 3465 fit
1900 3391 2230 3467 omnium
2275 3392 2607 3467 minima.
2709 3393 3027 3471 Proinde
3071 3409 3317 3494 partes
3352 3384 3736 3500 propofitae

423 3532 621 3614 bina}
654 3537 914 3616 sumtae
957 3541 1234 3619 debent
1272 3536 1410 3613 effe
1442 3537 1758 3612 invicem
1784 3528 2147 3632 aequales3
2200 3532 2399 3608 unde
2436 3545 2590 3609 tres
2625 3545 2873 3634 partes
2910 3535 3186 3613 debent
3229 3538 3367 3616 esse
3409 3540 3735 3635 invicem

380 3642 768 3778 aequales.
892 3678 1396 3756 Ratiocinium
1449 3679 1593 3753 hoc
1655 3675 2061 3775 applicatur
2113 3673 2209 3749 ad
2243 3695 2640 3752 numerum
2680 3694 3195 3778 quemcunque
3247 3682 3604 3782 partium,
3655 3684 3738 3761 in

418 3845 606 3923 quas
653 3823 932 3899 summa
981 3822 1156 3897 data
1203 3820 1305 3895 est
1360 3819 1792 3908 dividenda,
1861 3830 1950 3893 ut
1991 3816 2315 3917 partium
2354 3816 2882 3915 quadratorum
2930 3819 3212 3904 summa
3261 3822 3351 3903 fit
3401 3825 3738 3903 omnium

414 3966 744 4043 minima.
846 3962 1168 4039 Transeo
1211 3962 1308 4035 ad
1360 3970 1813 4055 computum.

611 4151 729 4230 Sit
771 4156 826 4226 S
856 4149 1131 4226 summa
1176 4147 1347 4223 data
1360 4166 1384 4238 3
1437 4143 1513 4221 ὅ(
1560 4140 1699 4220 fint
1735 4168 1823 4236 x,
1862 4165 1952 4244 .y,
2001 4169 2052 4220 z
2091 4152 2340 4246 partes
2381 4143 2731 4242 quaesitae.

409 4267 785 4403 Eritideo
883 4315 1666 4414 x÷y÷z=s
2375 4419 2408 4431 „

849 4507 949 4556 xx
993 4489 1070 4569 4
1107 4504 1198 4578 yy
1240 4491 1320 4570 4-
1353 4502 1451 4555 zz
1472 4511 1548 4550 =
1592 4480 1920 4557 minimo,
2042 4479 2163 4562 Sit
2192 4504 2237 4555 v
2269 4478 2646 4588 quantitas
2677 4477 3022 4581 quaedam
3047 4477 3457 4571 mutabilis»,
3509 4473 3730 4578 cujus

410 4632 864 4716 mutationes
903 4648 1034 4726 pro
1083 4623 1579 4704 constantibus
1619 4621 2015 4703 sumantur.

3551 4910 3723 4994 Erit
