4733 5844
937 404 1032 488 78

939 565 1050 660 Qb
1105 563 1363 639 calculi
1419 574 1670 641 autem
1732 563 2109 662 integralis
2161 563 2781 676 imperfeffionem
2826 565 3252 663 plerumque
3290 569 3465 644 huic
3506 571 3937 676 problemati
3989 573 4025 659 <
4046 576 4243 669 quod

937 706 1257 776 methodus
1297 709 1684 800 tangentium
1745 711 1984 802 inverstz
2034 714 2378 794 vocatur)
2431 706 2844 801 aequatione
2895 697 3226 784 terminis
3275 709 3495 782 finitis
3546 711 3865 807 expressa
3915 715 4246 810 satisfieri

940 846 1218 941 nequit.
1339 845 1490 918 Imo
1532 846 1692 919 sunt
1747 846 1946 921 casus
2005 839 2327 922 nonnulli
2377 848 2602 919 etiam
2653 845 3163 943 simpliciffimi,
3228 851 3353 946 qui
3398 821 3769 922 methodis
3816 854 3963 928 huc
4003 878 4239 952 usque

943 984 1286 1083 expolitis
1329 987 1611 1063 trastari
1662 1012 1830 1062 non
1854 985 2038 1083 posse
2081 984 2458 1073 videntur,
2512 985 2588 1061 &
2629 984 2722 1060 de
2767 987 3030 1081 quibus
3072 989 3373 1063 inferius
3417 989 3769 1063 dicemus,
3899 993 4240 1094 Exempli

1593 1102 1700 1154 xm
2085 1102 2190 1150 xm

944 1131 1172 1261 causa
1216 1131 1299 1256 sit
1367 1146 1394 1202 t
1442 1170 1512 1198 ε
1575 1159 1772 1208 .--:
1853 1133 1993 1207 erit
2291 1167 2362 1197 =
2336 1160 2557 1231 y—

1568 1211 1733 1272 affi-1
1856 1297 1862 1301 ⁸
2053 1218 2254 1268 amq
2461 1187 2593 1296 dy'

2577 1131 2756 1206 ·de
2794 1156 2987 1231 qua
2985 1124 3332 1223 formula,
3399 1134 3476 1212 &
3512 1135 3672 1210 aliis
3710 1134 3836 1234 ipsi
3870 1139 4234 1237 analogis,

943 1251 1127 1374 infra
1185 1321 1514 1393 agemus·
4014 1393 4019 1398 Ι

1133 1439 1210 1544 §.
1263 1450 1383 1539 46.
1489 1439 1961 1532 Quaecunque
2011 1435 2094 1512 fit
2139 1437 2342 1530 origo
2391 1451 2636 1510 curvae
2683 1431 3001 1528 alicujus
3047 1438 3517 1533 algebraicae‚
3584 1462 3671 1512 ea
3702 1437 3979 1535 semper
4008 1439 4244 1538 potest

937 1585 1034 1658 ad
1074 1583 1566 1680 aequationem
1599 1577 1866 1652 reduci
1902 1578 2093 1651 inter
2133 1576 2362 1651 restas
2406 1575 2865 1650 coordinatas
2914 1577 3231 1675 respeau
3275 1578 3586 1676 alicujus
3637 1578 3997 1653 diametri.
4099 1582 4238 1659 Ex.

937 1747 1046 1818 gr.
1087 1721 1511 1796 constantia
1560 1719 1859 1793 summae
1904 1717 2407 1792 distantiarum
2460 1713 2787 1812 cujusvis
2837 1718 3082 1814 punsti
3133 1717 3457 1815 ellipseos
3508 1718 3597 1794 ab
3648 1715 3813 1813 ejus
3864 1717 4047 1791 focis
4112 1683 4242 1822 pro

935 1861 1472 1940 fundamentali
1502 1857 1718 1957 ipsius
1758 1860 2198 1957 proprietate
2232 1857 2534 1933 assumta
2557 1914 2578 1944 ,
2627 1883 2724 1931 ex
2761 1858 2885 1933 illa
2926 1856 3313 1932 deducitur
3359 1858 3615 1933 relatio
3652 1854 4237 1934 coordinatarum

934 2003 1360 2112 alterutrius
1408 2001 1659 2075 axium
1740 2000 1890 2073 imo
1952 2001 2034 2076 ὃς
2085 1997 2403 2095 respestu
2453 1997 2777 2071 duarum*
2830 1997 3320 2094 quarumlibet
3383 1998 3908 2072 diametrorum
3982 2000 4237 2097 conju-

936 2155 1315 2238 gatarum:
1372 2133 1568 2237 quod
1598 2139 1863 2214 scilicet
1902 2140 2258 2234 quadrata
2310 2137 2663 2212 testarum
2717 2140 3075 2213 diametro
3129 2139 3535 2232 cuicunque
3586 2136 3977 2212 ordinatim
4012 2140 4237 2238 appli-

939 2294 1274 2357 catarum
1330 2280 1886 2381 proportionalia
1947 2278 2085 2354 sint
2141 2277 2575 2373 restangulis
2630 2276 2755 2354 sub
2810 2275 3111 2353 absciffis
3173 2275 3511 2374 ejusdem
3568 2279 3930 2353 diametri.
4024 2280 4236 2358 -Idem

939 2423 1139 2499 valet
1172 2423 1264 2496 de
1303 2424 1745 2525 hyperbola3
1793 2395 2226 2519 pariterque
2249 2418 2343 2494 de
2374 2419 2713 2494 omnibus
2758 2417 3184 2496 sestionibus
3217 2419 3524 2505 conicis‚
3574 2418 4035 2516 proprietatis
4075 2424 4239 2516 funf
4276 2486 4289 2496 ,

941 2562 1383 2642 damentalis
1436 2567 1597 2646 loco
1650 2564 1885 2639 sumta
1943 2560 2226 2663 ratione
2277 2561 2451 2634 data
2507 2557 3008 2662 distantiarum
3068 2560 3395 2658 cujusvis
3458 2545 3701 2657 punffl
3744 2561 3834 2634 ab
3882 2561 4234 2641 alterutro

942 2692 1107 2779 foco
1147 2704 1224 2781 ὅ(
1266 2730 1309 2780 a
1358 2705 1755 2781 diret‘trice.
1903 2696 2254 2788 Proinde,
2321 2722 2488 2797 quae
2549 2683 2702 2796 jam
2757 2672 3127 2797 praecepta
3180 2699 3479 2775 fuerunt
3523 2702 3615 2776 de
3663 2673 3882 2806 dustu
3930 2712 4238 2797 tangen-

942 2847 1170 2932 tium,
1237 2860 1602 2943 quatenus
1639 2825 1883 2919 curvae
1937 2841 2031 2916 ad
2083 2833 2404 2935 aliquam
2440 2841 2883 2914 diametrum
2927 2837 3342 2913 referuntur
3387 2843 3516 2935 per
3563 2839 3792 2913 restas
3835 2839 4007 2913 huic
4043 2844 4239 2918 ordi-

923 2986 1173 3059 ·natim
1207 2988 1640 3083 applicataS‚
1698 2980 2018 3057 sufficere
2077 2977 2356 3077 poffunt
2406 2987 2576 3079 (pro
2633 2980 2873 3054 curvis
2926 2979 3175 3075 saltem
3236 2976 3726 3073 algebraicis).
3869 2980 4233 3066 Quoniam

937 3140 1194 3229 autem
1229 3123 1652 3222 frequenter
1696 3121 1942 3200 evenit
1967 3177 1986 3209 ,
2052 3132 2140 3199 ut
2189 3136 2579 3198 curvarum
2627 3118 3072 3209 affeffio'neS,
3140 3118 3217 3195 ὅ(
3272 3114 3708 3190 nominatim
3752 3121 4237 3217 proprietates

931 3283 1194 3357 earum
1235 3270 1339 3346 ad
1391 3240 1761 3344 conta'aus
1801 3258 2287 3364 pertinentes,
2351 3263 2573 3338 modo
2625 3262 2962 3338 lucidiori
2998 3261 3082 3338 &
3127 3256 3535 3357 simpliciori
3587 3278 3684 3328 ex
3733 3255 3869 3330 alia
3922 3262 4241 3355 quadam
4290 3320 4295 3321 γ

934 3408 1248 3509 ipsarum
1289 3407 1569 3502 origine
1608 3417 1738 3481 aut
1772 3406 2212 3504 proprietate
2254 3405 2522 3481 deduci
2567 3402 2862 3503 poffint,
2914 3424 3135 3500 quam
3183 3399 3232 3472 fi
3274 3398 3593 3493 aequatio
3635 3395 3827 3469 inter
3869 3401 4245 3479 coordina-

932 3561 1054 3626 tas
1100 3548 1502 3625 restilineas
1547 3534 1996 3640 instituatur3
2067 3573 2109 3622 e
2154 3568 2234 3619 re
2282 3546 2420 3620 esse
2468 3546 2759 3631 censeo,
2821 3543 3226 3640 praecipuas
3278 3542 3666 3610 curvarum
3718 3535 4036 3631 origines
4080 3566 4243 3640 per·-

931 3688 1292 3791 pendere,
1333 3688 1418 3766 δε
1458 3689 1847 3764 methodos
1891 3695 2283 3781 tangentes
2337 3684 2659 3759 ducendi
2707 3686 2797 3759 iis
2840 3681 3235 3780 applicare,
3304 3694 3454 3750 non
3504 3674 3843 3752 adhibita
3886 3682 4238 3776 aequatio-

932 3857 1064 3919 ne,
1102 3854 1255 3938 qua
1305 3850 1548 3905 curvae
1598 3827 1694 3902 ad
1747 3827 2190 3913 diametrum
2224 3824 2543 3922 aliquam
2585 3847 2714 3924 per
2747 3823 2977 3899 restas
3015 3818 3189 3894 huic
3242 3815 3637 3890 ordinatim
3684 3816 4082 3916 applicatas
4123 3845 4237 3898 re-

932 3974 1289 4049 seruntur.
1411 3969 1564 4045 Sed
1614 3980 1699 4042 ut
1749 3968 1947 4041 hunc
1994 3964 2284 4063 scopum
2321 3965 2545 4039 modo
2592 3961 2988 4039 sufficiente
3034 3955 3431 4054 adimplere
3484 3953 3807 4031 valeam.
3888 3962 4234 4039 nonnulla

932 4108 1450 4212 praemittenda
1482 4107 1646 4183 sunt
1681 4082 2073 4197 lemmata,
2124 4127 2290 4205 quae
2334 4103 2467 4181 &
2447 4127 2526 4180 111
2563 4102 3023 4203 sequentibus
3071 4098 3430 4197 capitibus
3490 4094 3650 4170 suas
3694 4097 4067 4179 habebunt
4109 4128 4234 4204 ap-

927 4251 1382 4352 plicationeS.

1125 4388 1206 4494 §.
1259 4392 1378 4488 47'.
1483 4391 1854 4461 Theorema.
1950 4385 2171 4464 Ratio
2193 4382 2635 4481 aequalitatis
2673 4370 2887 4461 linies
2928 4384 3029 4460 est
3065 4394 3221 4460 tam
3257 4378 3558 4456 rationis
3611 4376 4088 4458 decrescentis
4112 4407 4230 4460 ar·-

930 4528 1062 4609 cus
1096 4531 1261 4631 (qui
1295 4542 1499 4605 totus
1531 4528 1775 4605 versus
1807 4528 2158 4603 chordam
2189 4506 2561 4601 concavus
2602 4524 3064 4625 supponitur)
3112 4523 3206 4599 ad
3239 4521 3621 4607 chordam;
3670 4542 3891 4615 quam
3926 4523 4230 4596 rationis

930 4672 1314 4747 crescentis
1345 4693 1556 4746 arcus
1583 4670 1677 4745 ad
1715 4646 2067 4745 summam
2104 4668 2567 4765 tangentium
2603 4690 2731 4767 per
2767 4656 3098 4744 extrema
3120 4664 3285 4761 ejus
3323 4660 3733 4749 duaarum,
3768 4657 3847 4735 δε
3878 4660 4226 4736 concursu

929 4813 1054 4891 suo
1108 4828 1371 4891 mutuo
1416 4814 1993 4887 terminatarum.
4102 4894 4219 4971 St

4157 4917 4182 4969 1
