4733 5844
3758 469 3806 546 5

487 618 827 700 ferentiae
860 609 943 695 C'
945 624 1038 697 X.
1159 622 1243 700 Si
1292 642 1466 697 vero
1504 634 1817 719 utraque
1862 616 2151 693 illarum
2193 614 2660 693 subtrahatur
2693 620 2791 695 ab
2829 619 3091 693 eadem
3147 619 3557 715 quantitate
3596 616 3842 704 AC':-

488 767 693 867 prius
735 762 1109 841 refiduum
1145 748 1238 833 θ’
1231 762 1297 835 Β
1328 758 1545 836 limes
1593 761 1697 837 est
1740 758 2150 861 posterioris
2184 755 2454 833 refidui
2499 757 2983 835 decrescentis
3021 749 3205 838 C''X.
3257 822 3263 830 .
3310 760 3524 847 Quod
3563 788 3691 862 per
3732 765 3808 843 se

490 920 722 1007 patet.
1116 893 1126 908 ⁸

686 1045 764 1149 ᾗ,
819 1072 887 1141 3.
1001 1045 1369 1120 Theoremae.
1471 1045 1589 1121 Sit
1636 1047 2013 1144 quantitas
2075 1045 2245 1121 data
2304 1044 2522 1119 limes
2579 1040 3012 1138 quantitatis
3070 1045 3445 1120 mutabilis
3489 1047 3816 1127 crescen*
3857 1072 3862 1079 ·

491 1191 590 1268 tis
652 1190 775 1267 vel
831 1189 1336 1266 decrescentis.
1459 1190 1646 1264 Dico
1693 1192 2054 1266 rationem
2104 1182 2550 1283 aequalitatis
2614 1183 2927 1257 limitem
2978 1183 3117 1258 effe
3180 1186 3487 1262 rationis
3553 1189 3812 1267 decre·-

488 1332 761 1408 scentis
797 1330 913 1406 vel
955 1328 1343 1406 crescentis
1365 1383 1385 1415 ‚
1430 1331 1693 1427 prioris
1727 1330 2162 1429 quantitatis
2203 1325 2301 1400 ad
2336 1320 2826 1423 posteriorem.

685 1474 996 1570 Nempe.
1101 1469 1218 1546 Sit
1264 1472 1637 1566 quantitas
1698 1472 1869 1547 data
1919 1473 2061 1543 AB
2116 1470 2333 1545 limes
2407 1465 2851 1564 quantitatis
2904 1464 3292 1543 crescentis
3357 1489 3425 1544 v.
3483 1491 3591 1566 gr.
3643 1475 3806 1553 Ax

489 1614 679 1692 Dico
712 1612 1072 1688 rationem
1112 1607 1295 1684 AB:
1325 1613 1479 1682 AX
1525 1614 1711 1710 posse
1758 1616 2112 1690 accedere
2161 1611 2257 1687 ad
2301 1609 2671 1685 rationem
2708 1606 3193 1703 aequalitatis,
3242 1612 3541 1710 propius
3585 1638 3809 1713 quam

492 1755 589 1829 ad
629 1776 795 1827 eam
837 1752 1123 1826 accedit
1170 1753 1346 1828 data
1380 1773 1840 1852 quaecunque
1874 1728 2065 1830 ratio
2099 1751 2404 1850 majoris
2443 1749 2540 1824 ad
2582 1748 2994 1856 minorem.⁴

690 1892 1181 1997 Demorfiratio.
1284 1893 1761 1994 Quaecunque
1796 1897 2014 1972 detur
2059 1895 2247 1970 ratio
2281 1890 2586 1990 majoris
2629 1889 2725 1965 ad
2768 1892 3128 1971 minorem
3146 1917 3169 1990 ς
3222 1895 3353 1973 fiat
3389 1895 3517 1995 ipsi
3556 1919 3813 1999 aequa-

491 2039 583 2115 lis
626 2038 812 2115 ratio
849 2037 989 2109 AB
1048 2036 1147 2111 ad
1188 2037 1373 2121 AD,
1446 2058 1612 2132 quae
1671 2040 1911 2114 minor
1974 2038 2113 2114 erit
2169 2058 2394 2133 quam
2441 2036 2601 2106 AB.
2707 2032 2828 2117 ‚Et
2874 2033 3006 2111 fiat
3060 2039 3222 2111 AX
3231 2049 3310 2122 5>
3343 2042 3508 2129 AD„
3556 2041 3814 2141 (quod

489 2178 808 2279 poffibile
851 2179 953 2254 est
996 2203 1128 2280 per
1159 2164 1425 2280 hyp.)x
1474 2178 1637 2255 Erit
1680 2183 1821 2255 AB
1870 2206 1889 2256 ε
1943 2182 2096 2255 AX
2119 2194 2199 2265 <
2229 2180 2369 2252 AB
2417 2201 2434 2251 :
2482 2176 2653 2249 AD.
2710 2178 2826 2267 (a)

685 2322 973 2398 Eodem
1008 2323 1231 2396 modo
1275 2320 1809 2400 demonstratur
1853 2324 1951 2400 de
1982 2323 2211 2398 altero
2253 2321 2554 2396 Limite.

684 2463 960 2575 Vug‘ffim
1013 2462 1062 2537 fi
1103 2463 1292 2540 ratio
1347 2464 1789 2562 aequalitatis
1828 2466 2052 2541 fuerit
2097 2464 2310 2540 limes
2359 2460 2666 2538 rationis
2716 2461 3200 2546 decrescentis
3241 2476 3372 2539 aut
3425 2463 3812 2547 crescentis

492 2604 812 2702 alicujus
857 2604 1295 2705 quantitatis
1339 2605 1539 2683 datae
1602 2610 1693 2684 ad
1730 2610 2219 2708 quantitatem
2258 2606 2731 2684 mutabilem:
2785 2606 2971 2681 Dico
3022 2609 3515 2705 quantitatem
3561 2614 3814 2688 datam

490 2747 806 2825 limitem
860 2745 997 2824 esse
1030 2746 1467 2859 quantitatis
1507 2752 1884 2826 mutabilis
1922 2748 2319 2825 crescentis
2342 2764 2473 2823 aut
2511 2751 3016 2825 decrescentis-

691 2890 808 2966 Sit
861 2890 1019 2991 (ex.
1055 2892 1204 2986 gr.)
1248 2890 1435 2967 ratio
1479 2891 1923 2991 aequalitatis
1981 2891 2196 2967 limes
2243 2891 2548 2967 rationis
2598 2890 3090 2967 decrescentis
3129 2890 3563 2985 quantitatis
3611 2895 3808 2973 datae

486 3036 628 3108 AB
683 3036 781 3110 ad
829 3033 1323 3133 quantitatem
1370 3037 1805 3112 mutabilem
1840 3037 1999 3108 AX.
2113 3032 2335 3107 Dico:
2405 3035 2904 3131 quantitatem
2948 3030 3384 3107 mutabilem
3425 3033 3582 3103 AX
3614 3034 3804 3132 poss'e

489 3175 650 3251 fieri
679 3176 1039 3274 majorem
1073 3200 1509 3274 quacunque
1541 3180 1955 3273 quantitate
1989 3177 2167 3252 data
2203 3178 2396 3264 AD,
2439 3199 2607 3273 quae
2639 3178 2881 3252 minor
2912 3174 3015 3249 est
3054 3198 3277 3271 quam
3311 3175 3467 3246 AB.

686 3314 989 3387 Etenim
1035 3337 1163 3410 per
1208 3316 1384 3408 hyp.
1442 3319 1640 3390 ratio
1680 3322 1815 3390 AB
1866 3340 1893 3387 ·.
1950 3318 2097 3386 AX
2138 3317 2368 3413 potest
2407 3318 2565 3392 fieri
2602 3321 2842 3395 minor
2889 3315 3174 3393 ratione
3221 3314 3396 3391 data
3430 3320 3576 3393 AB
3654 3319 3817 3397 AD

484 3451 790 3552 majoris
829 3453 925 3527 ad
957 3454 1347 3527 minorem.
1446 3451 1748 3529 Fastum
1782 3454 1908 3528 fit·
1973 3466 2051 3529 et
2103 3477 2275 3529 cum
2310 3462 2451 3532 AB
2503 3481 2528 3531 2
2574 3459 2726 3527 AX
2765 3473 2843 3541 <2
2887 3458 3030 3528 AB
3079 3477 3104 3526 ι
3148 3456 3301 3529 AD

2083 3574 2225 3646 erit
2553 3577 2693 3653 AX
2742 3592 2823 3664 >
3129 3579 3323 3654 AD.

485 3696 770 3773 Eodem
810 3695 1034 3771 modo
1076 3667 1613 3772 demonstratur
1649 3694 1741 3768 de
1789 3693 2021 3770 altero
2061 3693 2321 3768 limite.

634 3840 1016 3932 ..Exempla
1113 3837 1304 3914 Cum
1361 3839 1756 3944 perimeter
1808 3831 1885 3909 δι
1932 3830 2353 3930 superficies
2397 3837 2648 3914 circuli
2709 3837 2984 3913 limites
3051 3837 3190 3914 sint
3242 3841 3805 3939 perImetrorum
3845 3933 3852 3940 .

486 3975 564 4053 δι
597 3975 1140 4077 superficierum
1184 3979 1662 4060 crescentium
1701 3988 1830 4051 aut
1861 3976 2437 4053 decrescentium
2474 3946 3015 4077 polygonorum
3051 3980 3586 4071 ordinatorum,
3621 4005 3807 4085 ‘quae

486 4119 761 4197 circulo
813 4121 1304 4200 inscribuntur
1352 4121 1431 4202 δι
1490 4115 2213 4199 circumscribuntur:
2293 4124 2482 4196 ratio
2528 4122 2980 4219 aequalitatis
3029 4121 3129 4196 est
3175 4123 3390 4198 limes
3435 4123 3808 4198 rationum

2067 4256 2149 4339 A
2190 4285 2241 4357 3
3538 4263 3791 4338 decre-

550 4451 686 4534 (a)
728 4450 1048 4528 Quoniam
1102 4447 1660 4513 demonstrationes
1717 4445 2150 4531 plerarumque
2205 4446 2718 4531 propofitionum
2761 4447 2896 4510 hoc
2924 4445 3146 4531 Capite
3194 4450 3592 4514 evolaturum
3648 4445 3801 4507 inae-

720 4556 996 4639 qualium
1050 4555 1366 4618 rationum
1424 4549 1908 4636 proprietatibus
1961 4555 2276 4617 nituntur:
2334 4555 2376 4616 fi
2418 4556 2518 4617 cui
2559 4572 2689 4617 non
2741 4552 2973 4616 fuerint
3009 4555 3164 4624 satis
3209 4566 3420 4634 notat-3
3482 4551 3592 4613 ille*
3623 4548 3803 4613 adeat

718 4659 1010 4722 eximiam
1054 4653 1551 4723 Dissertationem
1597 4647 1999 4737 inscriptam·¹
2030 4649 2582 4739 propositionum·
2615 4657 2698 4718 de
2731 4652 3150 4721 Rationibus
3195 4656 3368 4718 inter
3400 4653 3473 4736 se
3517 4647 3800 4725 diver-fis

568 4791 575 4796 ·
716 4758 1395 4842 Demonstrationes,
1444 4778 1530 4822 ex
1548 4756 1722 4844 solis
1753 4757 1944 4821 Libri
1967 4753 2047 4826 V.
2081 4759 2408 4825 Element.
2451 4759 2962 4837 definitionibus
3005 4751 3652 4842 &propositionibus
3685 4755 3798 4819 de-

564 4931 578 4951 ,
720 4862 975 4941 duem,-
1040 4886 1223 4948 quam
1273 4861 1531 4931 Praeiide
1567 4867 1763 4929 celeb.
1810 4865 1973 4931 Prof.
2014 4867 2480 4934 Panos-:nnn
2523 4866 2768 4997 publice
2806 4864 3131 4974 proposuit
3159 4864 3232 4926 δι
3283 4856 3561 4926 defendit
3597 4871 3800 4927 ornat.

724 4968 1333 5037 Cadianum&
1384 4967 1902 5054 Tubing.1793.
