4733 5844
1515 560 1783 638 Capu?
1838 578 2218 637 nucnvnm
2267 570 2689 639 QUARTUM.

1288 711 1428 800 De
1537 712 1880 821 regula
1992 712 2483 801 Gutmm
2596 710 2890 794 dicta.

1941 898 2018 1004 §.
2090 925 2246 1000 124·

437 1005 754 1181 Resta.
794 1048 1307 1146 magnitudine
1354 1047 1525 1122 data
1581 1045 1772 1120 circa
1821 1067 2043 1119 axem
2092 1065 2607 1142 quemcunque
2666 1043 2745 1118 in
2802 1041 3064 1117 eodem
3108 1041 3327 1142 plano
3368 1040 3586 1117 fitum
3632 1065 3751 1120 re·

419 1172 798 1279 volvatur,
934 1190 1376 1290 Superficies
1433 1186 1831 1285 cylindrica
1898 1185 2018 1263 vel
2087 1187 2379 1275 conica,
2458 1186 2825 1262 rotatione
2886 1184 3100 1260 restae
3170 1182 3396 1279 hujus
3461 1184 3748 1279 genita,

315 1366 324 1373 ·
439 1339 749 1439 aequalis
784 1331 885 1409 est
929 1331 1348 1426 rettangulo
1390 1329 1511 1405 sub
1552 1329 1689 1404 hac
1731 1328 1926 1403 linea
1976 1325 2052 1403 δι
2094 1326 2220 1403 sub
2265 1326 2857 1437 circumferentia
2891 1349 2934 1401 a
2968 1325 3231 1425 puncto
3262 1324 3477 1403 lineae
3523 1324 3754 1423 hujus

441 1482 692 1561 medio
755 1472 1127 1569 descripta.
1258 1470 1592 1546 Proinde
1625 1469 2076 1568 superficies,
2143 1493 2185 1544 a
2234 1470 2430 1546 resta
2486 1469 2996 1567 magnitudine
3052 1468 3227 1545 data
3283 1467 3473 1543 circa
3517 1466 3757 1542 varios

443 1647 629 1705 axes
687 1615 1018 1697 revoluta
1060 1613 1332 1709 genitae
1354 1669 1374 1701 ‚
1438 1611 2013 1711 proportionales
2060 1608 2234 1688 sunt
2283 1610 2642 1691 distantiis
2694 1613 2942 1715 puncti
2985 1610 3148 1711 ejus
3193 1611 3421 1688 medii
3474 1611 3563 1689 ab
3618 1632 3759 1685 axe

444 1759 949 1846 revolutionis,

648 1904 932 1982 Pariter
986 1897 1368 1993 cylindrus
1406 1898 1524 1973 vel
1569 1894 1885 1975 annulus
1932 1894 2411 1995 cylindricus,
2482 1920 2526 1973 a
2564 1897 2984 1995 restangulo
3032 1896 3225 1973 circa
3264 1916 3499 1969 unum
3549 1889 3768 1990 ipfius

443 2054 688 2138 latuS,
739 2044 857 2124 vel
887 2044 1078 2119 circa
1110 2042 1381 2117 restam
1416 2042 1545 2116 uni
1589 2062 1683 2114 ex
1727 2039 2079 2114 lateribus
2113 2036 2278 2136 ejus
2313 2038 2733 2138 parallelam
2773 2037 3107 2114 revoluto
3139 2037 3469 2135 genitus,
3520 2057 3772 2134 aequa·
3857 2127 3867 2137 ⁶

438 2193 543 2270 lis
597 2187 698 2264 est
753 2182 1123 2284 prismati,
1176 2180 1391 2278 cujus
1438 2177 1626 2255 bafis
1684 2177 1785 2253 est
1829 2178 2059 2276 ipsum
2111 2179 2650 2277 reitangulum,
2713 2178 2790 2279 ὅς
2839 2178 3054 2279 cujus
3105 2179 3419 2256 altitudo
3463 2178 3771 2276 aequalis

415 2333 557 2441 ,est
602 2323 1256 2410 circumferentiae,
1324 2342 1548 2419 quam
1596 2334 1929 2397 centrum
1980 2320 2240 2416 figurae
2283 2321 2684 2417 restanguli
2725 2321 2865 2396 hac
2916 2323 3372 2399 revolutione
3417 2319 3775 2420 percurrit

443 2477 579 2554 seu
620 2479 945 2570 generat.
1052 2463 1303 2540 Solida
1340 2459 1570 2557 igitur
1605 2461 1694 2536 ab
1737 2461 2001 2536 eodem
2036 2460 2498 2555 renangulo,
2550 2462 2741 2537 circa
2789 2463 3029 2538 varios
3063 2486 3245 2539 axes
3283 2466 3414 2540 uni
3453 2463 3772 2539 laterum

451 2615 626 2715 ejus
675 2604 1058 2710 parallelos
1101 2603 1437 2679 revoluto
1454 2659 1473 2690 ,
1547 2602 1800 2699 genita
1849 2602 2411 2701 proportionalia
2459 2602 2624 2679 sunt
2676 2601 3034 2682 distantiis
3091 2605 3324 2681 centri
3377 2603 3607 2701 hujus
3656 2626 3771 2678 re-

458 2751 786 2851 &anguli
821 2749 915 2825 ab
957 2715 1098 2823 axe
1141 2743 1642 2821 revolutionis,

652 2896 796 2976 His
828 2888 1187 2989 exemplis
1232 2884 1601 2990 (omnium
1633 2883 2199 2986 fimpliciffimis)
2235 2885 2648 3000 praemiHiS,
2681 2888 2896 2967 facile
2925 2888 3401 2987 intelligitur,
3453 2887 3631 2986 quid
3652 2884 3779 2965 fibi

433 3007 644 3142 Lvelit
693 3036 953 3134 regula
1011 3032 1251 3131 capite
1308 3026 1451 3106 hoc
1501 3030 1956 3131 explicanda.
2078 3033 2380 3110 Scilicet
2426 3033 2643 3109 lineae
2691 3031 2809 3106 vel
2856 3030 3267 3131 superficies
3322 3050 3780 3127 quaecunque

465 3198 625 3259 tam
672 3179 902 3277 specie
954 3199 1177 3271 quam
1223 3155 1736 3265 magnitudine
1787 3173 1985 3247 datae
2041 3173 2235 3251 circa
2285 3198 2505 3251 axem
2547 3174 2870 3272 aliquem
2908 3172 3414 3249 revolvantur:
3490 3170 3788 3271 superfi-

465 3325 620 3401 cies
659 3318 780 3397 vel
822 3313 1108 3398 solida,
1147 3308 1512 3422 rotatione
1549 3308 1690 3382 hac
1733 3310 2020 3405 genita,
2091 3312 2257 3420 sunt
2296 3316 2489 3389 inter
2535 3318 2603 3390 se
2646 3317 2723 3390 in
2767 3315 3049 3392 ratione
3094 3312 3490 3415 compofita
3536 3337 3632 3387 ex
3670 3336 3788 3386 ra·

441 3427 793 3546 'tionibus
838 3450 1441 3553 magnitudinum
1478 3462 1701 3549 atque
1734 3450 2494 3534 circumferentiarum
2533 3479 2576 3531 a
2606 3455 2870 3556 punsto
2905 3453 3260 3550 quodam,
3309 3452 3524 3552 cujus
3571 3450 3790 3530 litum

466 3600 908 3702 magnitudo
939 3593 1269 3720 genitrix
1309 3592 1790 3681 determinat,
1842 3592 2385 3691 descriptarum.
3694 3667 3697 3670 ,

665 3744 860 3820 Cum
912 3737 1169 3836 regula
1210 3736 1378 3811 haec
1429 3732 2127 3810 determinationem
2170 3735 2600 3844 capacitatis
2650 3736 2729 3844 Gt
2772 3737 3177 3838 superficiei
3233 3736 3624 3814 solidorum
3673 3761 3791 3814 ro-

470 3887 875 3965 tundorum
941 3880 1089 3980 (de
1148 3900 1296 3976 qua
1349 3877 1636 3950 duobus
1684 3872 2065 3972 postremis
2113 3875 2476 3974 capitibus
2514 3878 2766 3958 astum
2820 3879 3022 3973 fuit)
3086 3879 3489 3958 admodum
3538 3879 3789 3979 juvet;

445 4125 458 4132 -
479 4049 656 4103 ere
700 4022 839 4106 ‚effe
867 4016 1179 4105 censeo,
1231 4014 1714 4089 fundamenta
1749 4013 1912 4111 ejus
1943 4015 2086 4091 hoc
2130 4016 2294 4094 loco
2332 4043 2723 4120 exponere.

675 4204 755 4312 ᾗ.
820 4225 980 4298 125,
1084 4204 1364 4278 Lemma·
1463 4196 1633 4277 Sint
1684 4196 2048 4319 quotlibet
2086 4198 2364 4297 ‘puncta'
2392 4200 2470 4276 in
2508 4205 2771 4282 eodem
2812 4203 3032 4302 plano
3070 4203 3419 4305 positione
3452 4206 3661 4297 data,
3713 4207 3793 4284 &

447 4357 619 4432 -fint
667 4350 990 4428 totidem
1018 4346 1235 4423 restae
1277 4340 1792 4439 magnitudine
1842 4341 2062 4418 datae.
2181 4340 2301 4417 Ex
2345 4345 2691 4422 omnibus
2734 4345 3018 4444 punftis
3073 4346 3268 4423 datis
3305 4347 3795 4424 demittantur

459 4495 561 4575 „in
612 4492 885 4569 restam
946 4489 1358 4588 quamlibet
1404 4486 1485 4564 in
1539 4485 1824 4560 eodem.
1851 4482 2071 4582 plano
2117 4481 2356 4562 fitam,
2383 4487 2600 4563 restae
2646 4487 3303 4587 perpendiculares,
3442 4491 3797 4568 Sumatur

467 4633 780 4713 xsumma
808 4630 1397 4732 ret'cangulnrum
1449 4627 1806 4708 fastorum
1854 4647 1951 4700 ex
1999 4624 2120 4700 his
2159 4628 2697 4725 perpendiculis
2753 4627 2833 4706 ἀ
2882 4653 2979 4706 ex
3024 4630 3235 4707 lineis
3283 4632 3795 4728 magnitudine

488 4771 684 4918 datis
729 4771 1137 4872 respeffive.
1258 4769 1486 4872 Dico:
1556 4767 1714 4846 dari
1757 4769 1839 4848 in
1887 4767 2152 4854 eodem
2203 4768 2421 4864 plano
2448 4771 2846 4869 punstum,
2924 4787 3020 4848 ex
3071 4795 3215 4870 quo
3261 4770 3314 4848 fi
3360 4773 3439 4848 in
3483 4774 3799 4856 eandem

2142 4906 2218 4986 A
2261 4932 2306 4986 a
3517 4913 3803 4992 restam
