4733 5844
942 426 1086 497 234

934 578 1173 654 Detur
1215 568 1518 644 summa
1574 589 1612 634 a
1656 562 2155 662 quantitatum
2204 584 2289 650 x,
2334 547 2442 631 x'·
2421 614 2442 650 ,
2552 559 2649 636 it
2642 581 2735 636 rn
2787 559 3066 637 summa
3108 561 3146 630 b
3198 561 3699 659 quantitatum
3739 587 3822 660 y,
3886 552 3994 665 y'·
3972 625 3994 663 ,
4079 573 4260 649 den·
4338 570 4342 574 Α

942 728 1064 793 tur
1144 713 1370 790 etiam
1450 708 1772 785 rationes
1837 718 1993 781 tam
2050 703 2551 802 quantitatum
2606 730 2655 774 x
2704 703 2782 782 &
2822 729 2907 800 y,
2991 728 3213 803 quam
3278 705 3780 801 quantitatum
3830 696 3903 782 x'
3912 700 4089 811 ‚':y
4187 697 4267 793 δ’(

943 866 1368 957 quaerantur
1406 860 1718 948 quatuor
1759 846 1879 925 hae
1926 846 2398 945 quantitates,
2527 847 2609 924 Si
2647 847 2833 921 ratio
2870 845 3317 922 summarum
3352 847 3691 927 datarum
3745 878 3820 943 a,
3875 856 3912 924 b
3959 856 4264 954 aequalis

941 1002 1044 1077 est
1090 996 1353 1074 rationi
1410 996 1606 1070 datae
1650 988 2149 1089 quantitatum
2190 990 2279 1076 lx,
2327 1013 2412 1086 y:
2492 992 2678 1065 ratio
2724 991 3225 1086 quantitatum
3269 980 3377 1080 x',
3440 977 3510 1089 y'
3546 994 3813 1069 exinde
3859 997 3964 1071 ita
4020 999 4263 1073 deter-

939 1142 1298 1226 minatur,
1366 1150 1453 1210 ut
1502 1133 1806 1231 aequalis
1865 1130 1950 1204 sit
2001 1128 2222 1227 priori
2265 1130 2529 1205 rationi
2580 1133 2777 1209 datae
2832 1135 3330 1229 quantitatum
3376 1162 3464 1225 x,
3521 1161 3606 1235 y3
3673 1139 3749 1215 δι
3800 1139 3920 1215 hae
3977 1142 4265 1236 quanti·

942 1294 1139 1357 tates
1207 1276 1488 1377 posl'unt
1533 1274 1668 1350 esse
1711 1291 2169 1369 quaecunque
2218 1269 2296 1345 in
2345 1296 2434 1359 ea
2484 1275 2765 1348 ratione
2824 1274 3035 1362 data,
3113 1300 3280 1375 quae
3325 1279 3922 1358 indeterminatio
3963 1282 4268 1378 symboli

941 1430 990 1517 ἕ,-
1034 1418 1560 1503 ἰηῑτοᾶιιᾶἰοηε
1605 1415 1991 1490 indicatur.
3590 1404 3594 1411 ’

1139 1560 1607 1650 Quantitates
1658 1555 2206 1630 dataemumero
2252 1557 2413 1655 pari
2536 1584 2612 1649 a,
2824 1564 2899 1650 b,
3096 1585 3165 1652 c,
3386 1567 3432 1633 d
3494 1622 3511 1640 .
3550 1620 3568 1641 .
3610 1621 3627 1639 .
3671 1621 3688 1639 .
3780 1563 3918 1639 sint
3968 1549 4269 1642 summae

944 1720 1074 1785 aut
1125 1703 1561 1781 differentiae
1604 1698 2103 1799 quantitatum
2478 1690 2659 1797 ροντ’,
2768 1689 2940 1799 y‚y'‚
3036 1689 3218 1794 z,z',
3315 1693 3499 1792 v‚v'.
3536 1762 3554 1782 .
3598 1764 3615 1782 .
3656 1763 3673 1781 .
3727 1709 4014 1783 Dentur
4039 1708 4267 1783 etiam

945 1850 1269 1924 rationes
2506 1867 2689 1942 xzy,
2770 1832 2975 1943 y':z‚
3047 1834 3250 1939 z'2v,
3329 1835 3554 1925 v¹:x'.
3631 1848 4114 1948 Fieripotest,
4181 1862 4267 1925 ut

871 2002 882 2021 ¹
944 1988 1242 2089 quaestio
1289 1984 1373 2060 sit
1418 1978 2012 2058 indeterminata.

1142 2132 1340 2207 Inter
1388 2121 1913 2225 applicationes
1982 2121 2473 2216 geometricas
2524 2128 3025 2226 propositionis
3072 2130 3301 2230 hujus
3350 2135 3445 2209 ad
3496 2133 4260 2210 indeterminationem

944 2273 1282 2351 ducentis
1333 2284 1485 2346 tres
1526 2267 1908 2364 sequentes
1948 2261 2319 2375 indicabo,
2363 2285 2543 2366 ,quae
2592 2267 2785 2363 quasi
2831 2270 3078 2368 sponte
3120 2275 3188 2349 se
3237 2278 3419 2354 mihi
3461 2277 3906 2353 obtulerunt.

1143 2416 1436 2513 Figurae
1482 2409 1871 2487 restilineae
1922 2402 2272 2505 positione
2316 2427 2400 2479 ac
2438 2411 2949 2504 magnitudine
2991 2418 3187 2494 datae
3237 2419 3687 2495 inscribenda
3734 2417 3822 2492 sit
3867 2417 4100 2514 figura
4149 2440 4260 2493 re·

948 2562 1233 2640 stilinea
1282 2553 1740 2652 cognominis
1787 2546 2166 2647 perimetri
2215 2549 2544 2623 omnium
2599 2554 2949 2634 minimae.
3076 2538 3335 2649 CasuS,
3398 2585 3542 2659 quo
3584 2561 3841 2657 figurae
3886 2560 4262 2660 propositae

945 2720 1297 2779 numerus
1337 2700 1650 2773 laterum
1698 2691 1799 2767 est
1854 2714 2024 2790 par,
2090 2690 2194 2764 ita
2229 2668 2344 2762 'est
2395 2691 3055 2794 indeterminatus;
3118 2714 3240 2790 ut,
3293 2701 3344 2776 fi
3393 2700 3767 2802 problema
3818 2694 4257 2803 propositum

944 2842 1260 2946 poffibile
1297 2840 1552 2926 fuerit,
1624 2833 2059 2910 solutionum
2107 2854 2460 2906 numerus
2496 2835 2777 2913 nullum
2826 2840 3096 2919 habeat
3135 2844 3483 2918 limitem:
3555 2840 3633 2919 &
3662 2841 3876 2917 facile
3914 2845 4018 2921 est
4057 2847 4262 2921 inde-

946 2983 1486 3096 terminationis
1541 2979 1768 3078 hujus
1816 2997 2095 3049 nexum
2146 2997 2314 3049 cum
2348 2977 2512 3052 casu
2554 2985 3015 3077 praecedente
3062 2987 3453 3062 ostendere.
3510 2983 3716 3076 (Vid.
3753 2986 4006 3057 Relatio
4044 2999 4263 3057 mutua

945 3128 1303 3221 capacitatis
1351 3120 1444 3196 δ’
1476 3124 1888 3193 terminorum
1912 3117 2310 3217 figurarum.
2365 3119 2733 3203 Varsaviae
2776 3107 3026 3225 1782)

1137 3266 1425 3350 Pariter
1476 3262 1747 3338 circulo
1782 3262 1957 3337 dato
1997 3262 2451 3377 inscribenda
2496 3265 2584 3341 sit
2630 3269 2865 3366 figura
2913 3271 3316 3359 restilinea,
3381 3239 3599 3368 cujus
3640 3272 3872 3345 latera
3918 3291 4050 3367 per
4077 3292 4263 3369 pun-

945 3411 1053 3485 sta
1110 3406 1458 3507 positione
1527 3406 1700 3480 data
1752 3416 2154 3481 transeant.
2291 3406 2681 3485 Problema
2724 3413 2867 3487 hoc
2915 3413 3194 3490 casibus
3252 3415 3695 3512 quibusdam
3739 3415 3963 3489 etiam
4012 3414 4098 3488 fit
4146 3416 4260 3488 in-

942 3549 1556 3641 determinatum3
1630 3548 1743 3623 uti
1794 3545 2073 3621 ostendi
2113 3546 2192 3622 in
2235 3548 2764 3643 dissertatione,
2817 3577 3041 3651 quam
3082 3556 3175 3632 de
3232 3558 3376 3632 hoc
3428 3556 3751 3653 eleganti
3807 3556 4254 3655 problemate

943 3694 1038 3770 ad
1081 3659 1566 3769 Academiam
1612 3687 2154 3767 Berolinen'sem
2199 3701 2373 3766 ante
2421 3693 2698 3791 aliquot
2750 3682 3035 3771 menses
3083 3697 3482 3773 transmisi:
3534 3698 3614 3774 &
3660 3697 4257 3774 indeterminatio

944 3835 1109 3912 haec
1155 3832 1249 3908 ad
1298 3834 1613 3909 eundem
1664 3835 1959 3910 omnino
1991 3835 2274 3910 fontem
2305 3834 2539 3932 potest
2574 3835 2849 3911 reduci.
3222 3841 3231 3848 “

947 4059 954 4064 .
1140 3975 1347 4051 Idem
1387 3974 1781 4072 contingit,
1831 3979 2123 4076 quando
2158 3976 2397 4074 figura
2433 3978 2803 4055 restilinea
2837 3981 3259 4077 cognomini
3297 3982 3556 4081 figurae
3592 3983 3983 4060 rettilineae
4015 3984 4116 4055 ita
4148 3981 4257 4054 in·

944 4118 1316 4198 scribenda
1361 4115 1495 4205 est,
1549 4129 1634 4193 ut
1665 4117 1896 4197 latera
1932 4120 2096 4221 ejus
2140 4143 2267 4220 per
2298 4121 2561 4222 punfta
2607 4121 2957 4221 positione
3001 4126 3174 4200 data
3224 4135 3639 4217 transeant,
3690 4137 3820 4200 aut
3867 4122 4009 4198 sint
4051 4120 4257 4196 retiis

944 4259 1292 4362 positione
1340 4261 1534 4335 datis
1574 4263 1939 4360 parallela.
2031 4355 2036 4356 γ

1143 4404 1294 4480 Sed
1340 4401 1558 4476 misiis
1604 4404 1808 4480 hisce
1853 4406 2375 4505 quaestionibus
2408 4405 2648 4502 magis
2683 4405 2933 4482 arduis
2978 4415 3276 4484 transeo
3309 4410 3406 4486 ad
3445 4410 3782 4510 exempla
3810 4403 4252 4505 geometrica

945 4546 1403 4647 simplicitate
1448 4544 1568 4620 sua
1611 4550 2217 4625 commendanda.

1139 4688 1256 4764 Sit
1303 4687 1657 4777 circuluS‚
1710 4689 1830 4764 cui
1869 4688 2320 4770 inscribenda
2364 4688 2454 4767 fit
2486 4688 2679 4771 linea
2711 4694 2941 4785 retia,
2990 4718 3158 4797 quae
3195 4718 3325 4797 per
3363 4694 3711 4796 punftum
3750 4693 4103 4796 positione
4132 4693 4261 4770 da·

939 4837 1104 4911 tum
1139 4836 1491 4910 transeat.
4139 4943 4192 5022 S

4194 4943 4259 5018 it
