4733 5844
3683 404 3816 511 ’33
3929 405 3961 439 ’

727 578 1153 652 coronarium
1193 596 1257 653 2.
1362 578 1476 654 Sit
1517 574 1903 675 progreffio
1941 570 2389 673 geometrica
2427 578 2787 656 crescens:
2858 577 3267 658 differentia
3320 574 3629 659 duorum
3671 595 3816 664 ter-

530 722 891 796 minorum
925 720 1433 813 contiguorum
1477 717 1727 792 crescit
1761 717 1931 791 inde
1977 739 2018 788 a
2060 718 2364 793 minimo
2399 742 2634 818 usque
2673 723 2768 797 ad
2809 722 3236 796 maximum.

721 861 1144 931 corollarium
1183 881 1250 950 3.
1354 857 1520 933 Sint
1558 856 1726 932 duae
1777 856 2294 954 progresiiones
2345 860 2781 948 crescenteS‚
2850 884 2994 935 una
3037 862 3516 956 geometrica,
3582 865 3810 946 altera

432 1062 459 1072 -
520 1000 1018 1089 arithmetica,
1063 1022 1230 1099 quae
1278 999 1463 1074 duos
1508 998 1780 1121 primos
1821 999 2172 1072 terminos
2215 998 2535 1074 habeant
2574 1021 3039 1087 communeS‚
3106 998 3184 1076 ἀ
3214 1024 3522 1096 quarum
3553 1013 3806 1086 termi-

519 1164 778 1217 norum
817 1164 1166 1218 numerus
1204 1142 1402 1217 idem
1443 1136 1564 1214 fit:
1616 1137 1877 1233 reliqui
1915 1137 2207 1213 termini
2245 1141 2745 1239 progressionis
2776 1140 3244 1237 geometricae
3282 1143 3597 1241 majores
3640 1148 3804 1225 sunt

515 1287 848 1380 terminis
896 1280 1391 1383 progreffionis
1434 1278 1915 1367 arithmeticae
1965 1275 2176 1371 aeque
2222 1280 2312 1354 ab
2364 1284 2717 1358 extremis
2765 1282 3213 1357 distantibus.
3339 1282 3541 1361 Idem
3583 1310 3628 1362 a
3651 1290 3804 1365 for·-
3859 1337 3866 1344 ·

514 1419 682 1500 tiori
720 1424 950 1512 valet,
994 1416 1043 1497 fi
1088 1424 1443 1529 terminus
1491 1416 1847 1491 secundus
1892 1407 2393 1513 progreffionis
2435 1421 2905 1515 geometricae
2951 1422 3189 1520 major
3218 1423 3305 1499 fit
3340 1429 3650 1503 termino
3696 1430 3798 1505 se-

504 1566 760 1670 cundo
812 1561 1309 1665 progreffionis
1364 1562 1871 1638 arithmeticae.

707 1707 1130 1778 corollarium
1172 1727 1241 1800 4.
1346 1703 1512 1778 Sint
1560 1700 1728 1776 duae
1774 1696 2287 1798 progressiones
2326 1700 2764 1791 crescenteS,
2825 1723 2969 1778 una
3018 1709 3502 1803 geometrica,
3569 1711 3797 1794 altera

512 1848 969 1925 arithmetica
993 1902 1012 1931 ,
1077 1862 1242 1941 quae
1292 1843 1478 1917 duos
1527 1840 1880 1914 terminos
1938 1851 2310 1915 extremos
2381 1841 2507 1939 (h.
2544 1866 2606 1918 e.
2658 1844 2973 1941 primum
3014 1845 3091 1921 δι
3136 1848 3532 1949 ultimum)
3594 1878 3795 1932 com-

507 2009 768 2062 munes
819 1986 1142 2072 habent,
1218 1981 1295 2058 ὅ(
1345 2000 1655 2077 quorum
1714 2001 2065 2067 numerus
2124 1980 2606 2056 terminorum
2664 1984 2863 2058 idem
2921 1982 3028 2058 fit.
3159 1988 3450 2086 Reliqui
3499 1998 3795 2072 termini

496 2124 994 2236 progreiiionis
1042 2122 1510 2220 geometricae
1558 2121 1878 2195 minores
1923 2117 2085 2192 sunt
2130 2120 2464 2196 terminis
2505 2121 3006 2219 progreffionis
3052 2129 3536 2213 arithmeticae
3578 2156 3789 2267 aeque

497 2267 587 2342 ab
636 2268 989 2341 extremis
1031 2263 1484 2351 distantibus

700 2406 1073 2478 Theorema.
1173 2404 1386 2479 Datis
1436 2403 1722 2479 duobus
1760 2399 2098 2477 terminis
2140 2401 2494 2478 extremis
2541 2402 3037 2502 progreflionis
3091 2416 3559 2507 geometricae
3577 2478 3594 2510 ,
3649 2444 3783 2500 nu·

446 2648 453 2653 ·
489 2567 738 2622 merus
794 2548 1276 2623 terminorum
1329 2546 1433 2620 ita
1487 2542 1719 2642 potest
1762 2547 2049 2641 augeri,
2116 2556 2216 2646 ut!
2244 2544 2546 2619 minoris
2600 2549 3081 2637 terminorum
3121 2553 3460 2633 datorum
3520 2554 3597 2635 ἀ
3635 2573 3782 2637 ter·
3891 2573 3914 2594 ⁶

490 2664 673 2762 mini
722 2689 895 2763 huic
939 2689 1254 2786 proximi
1302 2682 1714 2759 differentia
1767 2687 2006 2760 minor
2062 2685 2148 2760 fit
2192 2688 2515 2781 qualibet
2570 2687 2983 2780 quantitate
3031 2686 3208 2766 data
3251 2695 3438 2788 (hoc
3462 2701 3776 2775 termino

487 2827 662 2902 dato
702 2829 1046 2918 minore).
3736 2824 3749 2845 ’

677 2970 842 3045 Sint
894 2976 953 3046 Ρ
1003 2970 1080 3047 &
1131 2972 1200 3064 Q
1245 2969 1392 3045 duo
1437 2962 1732 3042 termini
1786 2962 1973 3054 dati,
2036 2987 2347 3066 quorum
2385 2958 2455 3038 P
2488 2965 2760 3060 minor3
2832 2961 2909 3042 ἀ
2952 2967 3038 3044 fit
3075 2997 3116 3039 a
3162 2975 3534 3068 quantitas
3575 2981 3770 3060 data.

485 3113 835 3187 Sumatur
868 3112 1278 3188 differentia
1326 3111 1500 3202 Q-
1530 3111 1587 3179 Ρ
1625 3110 2110 3185 terminorum
2161 3111 2229 3204 Q
2275 3109 2351 3185 ὅ(
2405 3110 2493 3180 Ρ.
2610 3110 3017 3206 Repetatur
3080 3110 3451 3204 quantitas
3497 3118 3669 3199 data
3727 3150 3775 3195 a

476 3250 699 3322 toties
717 3303 755 3335 ,s
787 3264 872 3322 ut
894 3251 1179 3344 superet
1216 3248 1699 3322 differentiam
1726 3250 1986 3339 Q-P3
2038 3247 2123 3321 fit
2158 3275 2199 3318 n
2234 3271 2582 3323 numerus
2608 3248 2912 3334 vicium,
2957 3249 3222 3343 quibus
3260 3255 3572 3351 repetita
3603 3260 3767 3341 fuit.

473 3356 863 3462 Dixidatur
907 3384 1322 3461 differentia
1370 3386 1632 3477 Q-12
1675 3386 1752 3459 in
1793 3411 1839 3455 n
1885 3400 2126 3483 partes
2188 3383 2530 3482 aequales,
2670 3384 2860 3458 Tum
2907 3384 3097 3459 inter
3145 3367 3495 3464 terminos
3551 3397 3784 3474 datos
3875 3385 3886 3400 Χ

470 3528 538 3600 Ρ
571 3526 647 3602 &
673 3529 741 3620 Q
774 3524 1176 3600 inserantur
1204 3547 1249 3591 n
1288 3519 1582 3596 termini
1630 3526 1972 3598 continue
2004 3525 2451 3620 geometrice
2490 3497 3081 3622 proportionales
3194 3529 3377 3601 Dico
3415 3530 3705 3612 fastum.

657 3666 954 3742 Etenim
1006 3660 1195 3738 inter
1237 3657 1421 3736 duos
1464 3641 1814 3737 terminos
1860 3663 1933 3736 P
1961 3658 2039 3740 δε
2086 3664 2155 3757 Q
2188 3661 2590 3737 inserantur
2639 3662 2947 3736 totidem
2997 3666 3290 3741 termini
3328 3694 3371 3737 n
3412 3676 3756 3755 continue

467 3771 925 3888 arithmetice
989 3800 1602 3902 proportionales:
1704 3800 1841 3878 smt
1878 3827 1929 3898 p
1963 3801 2040 3880 &
2064 3791 2148 3897 p'
2176 3805 2472 3881 termini
2513 3804 2641 3902 ipfi
2683 3807 2743 3877 P
2771 3805 3084 3904 proximi
3140 3807 3217 3882 in
3274 3811 3753 3907 progreffione

465 3946 905 4045 geometrica
950 3945 1027 4021 &
1066 3943 1547 4018 arithmetica.

656 4085 818 4160 Erit
882 4087 1045 4178 (per
1087 4081 1348 4156 Coroll.
1394 4108 1461 4179 4.
1499 4083 1758 4184 piffaec)
1809 4113 1864 4184 p
1899 4103 1974 4172 <
2003 4075 2109 4181 p';
2179 4083 2255 4162 &
2314 4086 2481 4160 ideo
2521 4111 2687 4178 pm·
2718 4085 2950 4180 P<2p
2965 4075 3176 4164 ¹-P.
3282 4085 3518 4186 Atqui
3580 4093 3751 4193 (per

456 4225 1092 4311 construftionem)
1132 4211 1212 4315 ρ’
1215 4263 1302 4279 -
1325 4225 1394 4294 P
1417 4239 1493 4306 <2
1515 4246 1587 4316 ας
1637 4249 1813 4326 ergo
1862 4255 1903 4305 a
1932 4224 2213 4305 fortiori
2249 4252 2300 4319 p
2326 4266 2408 4282 -
2429 4226 2499 4296 P
2522 4239 2598 4309 <2
2623 4254 2678 4298 a.

648 4367 1073 4440 coronarium
1110 4389 1170 4438 1.
1277 4367 1660 4443 Terminus
1700 4366 1950 4467 itaque
1997 4371 2215 4447 datus
2266 4370 2331 4440 P
2358 4371 2571 4443 limes
2613 4369 2712 4443 est
2759 4335 3191 4469 quantitatis
3240 4376 3613 4453 mutabilis
3646 4381 3752 4470 p}

447 4512 749 4610 proinde
790 4506 977 4581 ratio
1016 4505 1456 4602 aequalitatis
1501 4512 1726 4586 etiam
1763 4514 1975 4589 limes
2025 4514 2126 4589 est
2172 4513 2472 4588 rationis
2512 4510 2893 4588 crescentis
2936 4516 3047 4588 P:
3078 4543 3132 4611 p
3175 4513 3290 4617 (§.
3329 4524 3433 4613 3.)

518 4747 530 4754 ·
637 4649 1056 4720 Corollarium
1094 4673 1157 4722 2.
1260 4650 1376 4723 Sit
1406 4674 1447 4743 q
1478 4636 1869 4743 terminuS,
1916 4643 2040 4753 qui
2075 4657 2473 4731 terminum
2502 4655 2569 4745 Q
2603 4623 3025 4731 immediate
3064 4658 3431 4755 praecedit·
3534 4655 3728 4742 Quo·

446 4791 640 4872 niam
691 4789 799 4858 P:
827 4814 878 4881 p
928 4822 998 4851 =
1051 4813 1091 4883 q
1127 4811 1144 4861 ε
1174 4790 1277 4881 Q,
1346 4794 1533 4867 ratio
1572 4792 2015 4892 aequalitatis
2066 4796 2291 4869 etiarn
2331 4792 2543 4865 limes
2587 4792 2687 4866 est
2731 4798 3032 4871 rationis
3074 4796 3453 4870 crescentis
3500 4823 3540 4894 q
3577 4822 3594 4872 z
3630 4801 3730 4891 Q.

2127 4931 2189 5007 E
3619 4938 3743 5016 seu
