4733 5844
966 432 1018 508 4

966 588 1080 664 les
1120 584 1309 663 axis.
1450 563 1645 660 Haec
1676 579 2355 680 parallelogramma
2393 580 2734 659 dicantur
2770 608 3023 666 curvae
3066 588 3627 695 circumscripta.
3743 597 4036 676 Pariter
4081 600 4290 702 super

969 728 1313 807 omnibus
1361 721 1574 800 restis
1629 720 2024 799 ordinatim
2064 722 2447 821 applicatis
2494 723 2639 806 basi
2697 731 3057 826 parallelis
3103 733 3639 817 constituantur
3697 714 4290 838 parallelogram

967 895 1092 951 ma
1155 870 1250 946 ad
1296 874 1565 966 partes
1589 862 1816 951 bas1S,
1882 876 2195 961 quorum
2242 865 2473 941 altera
2517 866 2750 944 latera
2791 870 2928 948 snt
2973 888 3219 973 partes
3265 880 3589 976 aequales
3639 884 3824 960 axis.
3942 882 4133 957 Haec
4165 903 4292 980 pa-

969 1011 1556 1105 rallelogramma
1589 1006 1929 1082 dicantur
1963 1027 2211 1082 curvae
2248 1007 2606 1107 inscripta
2659 1011 2890 1111 (Vide
2933 1016 3090 1114 Fig
3134 1035 3282 1095 μω
3289 1023 3329 1110 )
3809 1022 3812 1027 ·

1102 1255 1115 1265 ρ
1176 1148 1525 1229 ΕΧεεΙΤυε
1596 1148 1742 1244 qu&
1802 1146 2082 1222 summa
2141 1148 2920 1244 parallogrammorum
2981 1158 3687 1261 circumscriptorum
3750 1165 4038 1267 superat
4098 1166 4291 1241 sumd

977 1321 1181 1378 mam
1230 1288 2075 1392 parallelogrammorum
2114 1287 2656 1389 inscriptorum
2750 1297 3056 1391 aequalis
3103 1299 3205 1374 est
3252 1302 3930 1401 parallelogrammo
3980 1311 4293 1383 circum·

972 1442 1241 1543 scripto
1296 1434 1623 1508 omnium
1678 1433 2028 1527 maximo.
2143 1433 2384 1530 Atqui
2423 1430 2605 1507 bafis
2647 1434 2877 1532 hujus
2927 1442 3589 1539 parallelogrammi
3643 1448 3861 1525 datur
3919 1447 4302 1543 magnitu-

977 1584 1206 1660 dine:
1297 1600 1515 1672 erg0,
1579 1574 1976 1651 imminuta
2026 1545 2457 1662 altitudine,
2522 1576 3289 1673 parallelogrammum
3340 1587 3481 1661 hoc
3537 1590 3765 1685 potest
3822 1589 3979 1665 fieri
4044 1588 4295 1664 minus

972 1741 1414 1822 quocunque
1462 1716 1690 1815 spatio
1739 1718 1961 1807 dato„
2075 1721 2249 1794 Ideo
2316 1716 2729 1792 differentia
2788 1722 3298 1817 praedictarum
3350 1726 3793 1810 summarum
3853 1726 4082 1826 potest
4135 1724 4299 1801 fieri

971 1863 1212 1941 minor
1266 1883 1703 1958 quocunque
1762 1859 1990 1957 spatio
2047 1860 2245 1936 dato.
2390 1861 2550 1960 Jam
2609 1883 2788 1936 vero
2857 1862 3267 1961 superficies
3327 1892 3571 1946 curvae
3637 1871 3875 1968 major
3942 1867 4044 1943 est
4105 1866 4298 1942 sum-

973 2004 1100 2085 ma
1148 2001 1991 2101 parallelogrammorum
2052 1999 2600 2099 inscriptorum,
2692 2001 2815 2078 sed
2856 2006 3117 2081 eadem
3167 2011 3408 2085 minor
3453 2012 3553 2088 est
3594 2012 3874 2089 summ-21
3919 2006 4296 2109 paralleloe

973 2164 1477 2243 grammorum
1530 2141 2236 2240 circumscriptorum
2250 2165 2277 2232 3
2381 2142 2460 2219 ὅ(
2506 2145 2915 2239 quantitaS,
2999 2152 3142 2245 qua
3218 2153 3309 2227 ab
3375 2152 3728 2227 alterutra
3789 2134 4057 2227 harum
4106 2146 4296 2223 sum-

905 2254 919 2265 ?
964 2313 1261 2368 marum
1319 2281 1596 2370 differt,
1660 2283 1900 2357 minor
1960 2282 2062 2357 est
2117 2281 2533 2360 differentia
2579 2290 2834 2361 mutua
2906 2293 3410 2386 praeditlarum
3472 2292 3939 2369 summarum.
4094 2291 4295 2385 Ergo

973 2435 1212 2533 figura
1267 2424 1665 2504 curvil'mea
1702 2424 1915 2500 limes
1957 2423 2092 2513 est,
2155 2437 2313 2503 tam
2344 2427 2646 2505 summae
2687 2430 3071 2507 crescentis
3113 2404 3958 2533 parallelogrammorum
4010 2424 4138 2530 ipsi
4178 2432 4291 2506 in-

973 2579 1404 2676 scriptorum
1436 2622 1457 2656 ,
1542 2588 1768 2665 quam
1841 2564 2144 2644 summae
2219 2569 2705 2651 decrescentis
2777 2577 3624 2676 parallelogrammorum
3677 2540 3922 2654 eidem
3980 2578 4290 2652 circum,

966 2719 1431 2818 scriptorum.
3934 2818 3942 2825 1

1167 2858 1416 2936 Εεξὶεε
1478 2855 1602 2931 axi
1662 2832 2075 2931 ordinatim
2125 2857 2510 2954 applicatae
2527 2858 2934 2963 [ponantur
2994 2865 3238 2944 eidem
3299 2866 3961 2966 perpendiculares,
4100 2862 4290 2937 Soli-

973 3006 1157 3081 dum
1208 3000 1575 3075 rotatione
1628 2995 1996 3094 praedistae
2050 2996 2315 3092 figurae
2378 3003 2570 3079 circa
2624 3029 2841 3082 axem
2900 3009 3238 3104 genitum
3305 3008 3520 3082 limes
3574 2987 3716 3081 erit
3781 3019 3934 3080 tam
3987 3005 4292 3082 summae

968 3115 1461 3222 ⁴decrel'lxentis
1500 3136 2003 3234 cylindrorum
2063 3137 2293 3212 limul*
2333 3143 2754 3236 genitorum
2800 3151 3165 3225 rotatione
3213 3146 3804 3245 restangulorum
3856 3167 4102 3223 curvae
4156 3144 4298 3219 cir-

912 3337 917 3342 2
979 3284 1617 3382 cumscriptorum‚
1701 3300 1927 3376 quam
1970 3279 2274 3360 summae
2333 3285 2720 3367 crescentis
2780 3290 3283 3394 cylindrorum
3356 3290 3568 3368 simul
3619 3292 4042 3389 genitorum
4099 3297 4301 3361 rota·

977 3427 1179 3503 tione
1210 3422 1800 3520 restangulorum
1848 3443 2095 3498 curvae
2133 3423 2662 3526 inscriptorum.
2851 3514 2862 3518 ,

1018 3661 1025 3672 .
1175 3562 1252 3668 §.
1305 3594 1372 3644 2.
1474 3564 1809 3668 scholium.
1909 3559 2027 3635 Sit
2068 3566 2446 3657 quantitas
2488 3573 2732 3671 aliqua
2767 3576 2942 3647 data
2991 3574 3209 3646 limes
3244 3571 3679 3669 quantitatis
3724 3566 4109 3647 mutabilis
4143 3588 4300 3670 cre-

975 3709 1243 3787 scentis
1294 3709 1414 3785 vel
1472 3699 1981 3782 decrescentis.
2100 3702 2413 3803 Utrique
2479 3709 2770 3788 illarum
2823 3711 3174 3800 addatur,
3228 3726 3359 3787 aut
3416 3715 3507 3790 ab
3565 3724 3877 3810 utraque
3924 3708 4303 3785 subtraha-
4405 3805 4414 3810 ι

974 3862 1099 3927 tur
1163 3849 1426 3924 eadem
1472 3847 1714 3944 aliqua
1767 3842 2162 3940 quantitas.
2270 3849 2479 3926 Prior
2527 3853 2839 3944 summa,
2890 3827 3020 3930 aut
3067 3832 3266 3952 prior
3307 3853 3757 3941 differentia,
3806 3853 4022 3929 limes
4075 3847 4304 3923 etiam

978 3991 1120 4066 erit
1172 3989 1589 4089 posterioris
1629 3988 1973 4073 summae,
2017 3998 2150 4061 aut
2197 3987 2667 4085 differentiae,
2730 3996 3119 4074 crescentis
3172 3999 3290 4075 vel
3350 3994 3853 4072 decrescentis.
3994 3991 4078 4068 Si
4127 4009 4307 4064 vero

977 4146 1289 4230 utraque
1357 4130 1730 4227 quantitas
1786 4130 1882 4205 ab
1945 4128 2189 4227 aliqua
2245 4134 2507 4210 eadem
2568 4140 2984 4237 quantitate
3041 4137 3566 4216 subtrahatur:
3667 4137 3872 4236 prius
3933 4128 4305 4209 residuum

970 4272 1189 4354 limes
1241 4270 1381 4345 erit
1428 4267 1841 4369 posterioris
1877 4269 2363 4348 decrescentis
2410 4291 2540 4353 aut
2587 4280 2999 4355 crescentis.
3141 4361 3148 4369 x

524 4460 531 4464 -
616 4445 867 4533 *Fig.2.
1062 4455 1065 4458 ¹
1175 4413 1466 4509 Nempe
1522 4411 1829 4487 denotet
1878 4416 2018 4488 AB
2067 4417 2563 4513 quantitatem
2615 4424 2906 4513 datam,
2989 4442 3157 4520 quae
3215 4420 3428 4497 limes
3487 4419 3576 4497 fit
3651 4418 4087 4517 quantitatis
4139 4444 4307 4498 mu-

975 4555 1222 4634 tabilis
1274 4578 1341 4629 v.
1389 4573 1496 4648 gr.
1542 4553 1939 4630 crescentis
1963 4558 2125 4631 AX.
2245 4557 2557 4659 Utrique
2602 4564 2894 4641 illarum
2938 4568 3254 4644 addatur
3277 4621 3297 4655 ‚
3348 4575 3481 4640 aut
3517 4562 3608 4637 ab
3663 4572 3977 4659 utraque
4027 4562 4305 4641 subtra-

971 4695 1200 4769 hatur
1238 4692 1500 4769 eadem
1556 4696 1934 4790 quantitas
1973 4700 2113 4771 AC
2149 4711 2281 4778 aut
2336 4691 2530 4778 AC':
2611 4708 2806 4805 prior
2871 4707 3164 4784 summa
3214 4702 3383 4790 CB,
3455 4714 3584 4776 aut
3630 4703 3827 4800 prior
3888 4702 4305 4782 differentia

976 4819 1056 4906 C'
1058 4836 1162 4923 B,
1227 4835 1441 4915 limes
1484 4859 1775 4937 quoque
1842 4838 1944 4917 est
2004 4843 2394 4936 creicentis
2436 4845 2848 4948 posterioris
2911 4850 3218 4935 summae
3258 4847 3432 4935 CX,
3499 4856 3630 4930 aut
3706 4845 4177 4946 posterioris
4165 4842 4307 4918 dif-

3532 4991 3561 5020 ·
4065 4983 4307 5062 feren-
