4733 5844
1717 965 2044 1046 CAPUT
2148 965 2595 1046 Paruum.

825 1143 949 1231 De
997 1141 1414 1233 Limitibus
1462 1142 2026 1260 Qantitatum
2080 1166 2155 1232 et
2219 1114 2662 1253 Rationum
2682 1195 2709 1243 ‚
2740 1138 2890 1259 fleu
2943 1142 3035 1228 de
3090 1138 3449 1230 Methodo

1845 1278 2426 1394 Exhaustionis.

2013 1465 2090 1571 §.
2203 1494 2268 1547 1.

643 1612 647 1615 ’
706 1606 1172 1703 Dqfinitiones.‘
1256 1620 1372 1691 10.
1421 1563 1571 1739 *Si
1624 1608 2000 1708 quantitas
2065 1614 2445 1693 mutabilis
2502 1612 2783 1713 semper
2832 1608 3072 1688 minor
3115 1608 3341 1688 suerit
3393 1608 3811 1708 quantitate·

487 1748 665 1825 data
716 1753 1093 1843 (mutabili
1135 1753 1406 1832 scilicet
1444 1755 1951 1852 homogenea,
2006 1752 2206 1854 quod
2249 1754 2594 1854 deinceps
2640 1753 2920 1853 semper
2957 1752 3578 1850 subintelligatur)
3597 1775 3618 1846 ;
3688 1750 3814 1829 sed

485 1894 594 1969 ita
652 1896 909 1990 augeri
963 1899 1275 1994 poterit,
1336 1905 1424 1973 ut
1480 1897 1716 1995 major
1774 1896 1906 1971 fiat
1952 1918 2389 1995 quacunque
2435 1895 2850 1994 quantitate
2899 1893 3108 1982 data,
3203 1915 3373 2009 quae
3422 1895 3663 1972 minor
3710 1893 3815 1970 est

495 2036 727 2134 prima
764 2038 1176 2133 quantitate
1223 2040 1397 2115 data
1450 2039 1569 2135 (δι
1612 2051 1771 2114 tam
1807 2061 1981 2116 cum
2022 2040 2163 2115 hac
2198 2061 2423 2135 quam
2471 2059 2644 2113 cum
2688 2034 3028 2112 mutabili
3065 2026 3565 2133 homog'enea,
3616 2036 3820 2134 quod

491 2180 764 2277 pariter
812 2178 1157 2282 deinceps
1219 2182 1498 2282 semper
1545 2181 2219 2279 subintelligatur):
2300 2178 2467 2255 haec
2509 2181 2746 2280 prima
2809 2179 3186 2278 quantitas
3242 2179 3467 2266 data,
3491 2177 3818 2258 dicitur

408 2342 445 2353 “
495 2326 716 2398 Limes
747 2326 1139 2419 Quantitatis
1187 2328 1500 2397 mutabilis
1542 2326 1882 2421 criscentis.

694 2472 811 2542 20.
877 2467 976 2542 Et
1020 2465 1072 2541 fi
1106 2471 1480 2566 quantitas
1521 2468 1900 2547 mutabilis
1938 2438 2215 2569 semper
2248 2466 2490 2565 maJor
2534 2462 2762 2559 fuerit
2816 2402 3230 2563 quantitate
3266 2465 3474 2554 data,
3554 2465 3677 2543 sed
3709 2466 3817 2544 ita

497 2608 735 2683 minui
738 2610 1072 2708 poterit,
1126 2625 1214 2689 ut
1253 2615 1496 2688 minor
1546 2613 1678 2689 fiat
1724 2633 2159 2711 quacunque
2213 2607 2625 2706 quantitate
2670 2579 2879 2697 data,
2946 2628 3115 2707 quae
3159 2606 3399 2705 major
3441 2607 3544 2681 est
3580 2608 3818 2704 prima

501 2751 916 2847 quantitate
970 2752 1149 2827 data
1181 2778 1215 2827 :¹
1291 2754 1456 2830 haec
1518 2718 1757 2854 prima
1813 2754 2189 2851 quantitas
2246 2751 2423 2825 data
2474 2749 2744 2823 dicitur
2796 2752 3016 2823 Limes
3055 2749 3462 2844 quantitatis
3494 2751 3816 2822 mutabilis

495 2895 919 2992 decrescentis.

698 3041 819 3133 3,0
871 3035 955 3113 Si
1001 3036 1191 3112 ratio
1237 3039 1613 3118 mutabilis
1634 3039 1930 3141 semper
1973 3038 2214 3116 minor
2249 3031 2479 3112 fuerit
2507 2979 2731 3132 quarn
2769 3030 2959 3111 ratio
2993 3029 3203 3125 data;
3266 3030 3391 3109 sed
3426 3033 3533 3111 ita
3562 3035 3820 3133 augeri

501 3061 813 3273 poterit,
877 3191 966 3253 ut
1016 3181 1253 3278 major
1303 3180 1434 3259 fiat
1487 3185 1770 3260 ratione
1827 3161 2266 3282 quacunque
2322 3177 2537 3265 data,
2607 3197 2776 3274 quae
2827 3175 3066 3248 minor
3105 3173 3208 3250 est
3263 3176 3546 3252 ratione
3573 3178 3821 3276 prima

504 3314 725 3388 data:
776 3315 941 3388 haec
973 3319 1205 3413 prima
1250 3323 1436 3393 ratio
1477 3323 1650 3415 data
1693 3323 1963 3395 dicitur
2001 3323 2222 3391 Limes
2267 3323 2560 3390 Rationis
2605 3318 2927 3388 mutabilis
2965 3317 3310 3411 “essentis

696 3458 818 3550 40.
873 3454 955 3527 Si
998 3454 1188 3527 ratio
1222 3459 1599 3532 mutabilis
1643 3459 1922 3555 semper
1950 3456 2187 3552 major
2236 3458 2459 3530 fuerit
2507 3477 2730 3552 quam
2776 3459 2963 3530 ratio
2999 3457 3214 3546 data5
3287 3455 3409 3540 sed
3447 3460 3552 3532 ita
3590 3461 3828 3541 minui

505 3596 816 3694 poterit,
878 3605 967 3667 ut
1019 3594 1257 3680 minor
1313 3595 1444 3671 fiat
1500 3598 1785 3672 ratione
1837 3617 2276 3693 quacunque
2328 3594 2540 3679 data,
2616 3615 2784 3687 quae
2836 3591 3075 3689 major
3116 3591 3218 3668 est
3268 3595 3550 3673 ratione
3589 3587 3827 3700 prima

500 3736 718 3811 data:
746 3735 935 3810 .haec
979 3735 1214 3833 prima
1253 3737 1442 3812 ratio
1488 3737 1664 3836 data
1709 3737 1980 3812 dicitur
2022 3739 2239 3810 Limes
2284 3741 2579 3809 Rationis
2611 3736 2926 3805 mutabilis
2963 3735 3382 3828 decreſsentis.
3434 3743 3533 3830 (α)

700 3877 766 3952 Ε
802 3897 883 3950 re
925 3875 1062 3951 effe
1115 3879 1368 3984 censeo
1411 3879 1876 3965 definitiones
1915 3877 2054 3952 has
2096 3879 2467 3981 nonnullis
2510 3874 2871 3973 exemplis
2899 3872 3301 3976 illustrare.

699 4017 819 4093 Sit
871 4016 1259 4114 progressio
1322 4017 1768 4115 geometrica
1829 4019 2297 4095 decrescens:
2385 4046 2475 4115 1,¹
2504 4048 2595 4116 p,
2641 4024 2763 4111 p2‚
2809 4019 2928 4113 p³‚
2979 4021 3069 4114 p⁴
3081 4075 3408 4100 .....
3452 4038 3686 4118 ,οὓ-1,·
3751 4029 3831 4107 in

508 4184 653 4260 qua
684 4158 1007 4259 ‘proinde
1060 4183 1114 4253 p
1158 4157 1261 4243 est
1302 4161 1538 4238 minor
1582 4162 1892 4238 unitate.
1994 4158 2304 4281 Summa
2350 4187 2396 4233 η
2445 4164 2849 4262 primorum
2884 4164 3369 4239 terminorum
3409 4164 3635 4264 huJus
3664 4192 3832 4268 pro·

716 4299 719 4300 ⁷
1330 4293 1333 4294 ἡ
3639 4305 3834 4404 gres-

592 4447 712 4531 (a)
754 4439 1176 4509 Definitiones
1212 4438 1311 4502 hae
1335 4481 1354 4514 ,
1412 4444 1641 4523 puriter
1683 4463 1756 4508 nc
1789 4445 2250 4529 propositiones
2298 4445 2624 4511 nonnullae
2671 4445 2799 4509 hoc
2842 4443 3048 4530 capite
3088 4445 3431 4529 expolitae,
3494 4446 3837 4527 desumptae

748 4548 893 4612 sunt
936 4564 1019 4608 ex
1052 4542 1377 4625 Opusculo
1419 4546 1492 4610 R.
1524 4548 1788 4614 Smson
1812 4592 1832 4624 ‚
1873 4549 2207 4633 inscripto:
2265 4549 2372 4615 De
2403 4550 2770 4616 Liminibus
2808 4548 3314 4646 Quantitatum
3349 4549 3411 4615 f?
3441 4548 3834 4616 Rationum

749 4647 1279 4732 Fragmentum5
1326 4650 1495 4730 quod
1532 4652 1836 4732 reperitur
1870 4652 2034 4717 inter
2056 4656 2264 4737 Opera
2295 4656 2621 4739 posthuma
2656 4658 2912 4740 insignis
2941 4658 3111 4720 illius
3143 4659 3502 4722 Geometrae
3524 4702 3540 4727 .
3581 4657 3826 4740 impen-

757 4754 839 4816 fis
886 4752 1019 4816 Viri
1063 4750 1494 4828 eruditissimi,
1553 4753 1621 4817 δι
1680 4754 2073 4820 scientiarum
2124 4757 2702 4828 mathematicorum
2741 4762 3009 4827 fautoris
3057 4758 3500 4845 generofiflimi
3553 4759 3822 4829 Comitis

759 4854 1152 4920 Sti-Annon
1193 4858 1261 4930 in
1301 4859 1506 4934 lucem
1545 4860 1753 4937 edita:
1795 4859 2098 4945 Glasguae
2130 4865 2316 4945 177⁶·

2074 5057 2079 5062 .
2173 4984 2253 5062 A
