4733 5844
958 415 1055 490 42

962 565 1315 641 Harmonia
1364 554 1833 651 mensurarum,
1902 566 2033 633 aut
2054 584 2059 592 ·
2084 558 2609 653 WAssmsssLEY
2651 559 2929 655 Analyfi
2975 563 3048 630 de
3096 560 3156 629 la
3204 557 3458 654 mester?
3484 562 3589 631 des
3620 570 3874 654 raperis
3912 571 3972 630 et
3994 567 4120 633 -des
4158 587 4267 632 an·

959 709 1141 805 gles,
1191 701 1269 779 ὃ(
1313 720 1463 799 prae
1510 700 1849 775 omnibus
1890 699 2196 775 EULERI
2229 698 2652 796 Iaefiiuctiones
2683 702 2893 775 calculi
2931 701 3280 797 integralis.
3332 704 3444 795 (a)

1164 886 1242 992 §.
1297 903 1411 972 28.
1514 885 1709 961 Cum
1760 893 2213 981 exponentes
2287 881 2812 961 differentiales
2869 884 3367 982 quantitatum
3412 888 3876 963 mutabilium
3947 888 4262 987 plerum-

963 1054 1105 1130 que
1148 1030 1224 1106 &
1262 1028 1390 1128 ipsi
1441 1025 1891 1123 quantitates
1921 1021 2310 1099 mutabiles
2344 1020 2516 1113 fint3
2573 1046 2739 1120 quae
2782 1026 2874 1099 de
2911 1027 3233 1122 qualibet
3268 1030 3677 1122 quantitate
3708 1028 4043 1111 mutabili
4074 1028 4261 1111 ditia

963 1171 1164 1256 sunt,
1212 1167 1578 1267 ejusmodi
1623 1187 1911 1263 quoque
1958 1163 2494 1259 exponentibus
2532 1162 3134 1255 differentialibus
3179 1167 3459 1264 poll'unt
3506 1168 3889 1268 applicari·
4000 1169 4256 1244 Nomi·

960 1311 1193 1399 natim
1267 1310 1495 1405 quaeri
1575 1307 1858 1408 possunt
1918 1312 2371 1402 exponentes
2426 1300 2945 1376 differentiales
3006 1305 3406 1380 istiusmodi
3468 1306 3993 1406 exponentium
4047 1303 4255 1379 diffe-

954 1452 1391 1528 rentialium.
1854 1431 1870 1444 ⁶
3461 1417 3466 1423 ²

1152 1590 1269 1666 Sit
1319 1615 1385 1666 v,
1425 1611 1533 1686 gr.
1577 1592 1645 1665 P
1686 1583 1956 1662 funt-'tio
2005 1581 2435 1681 quantitatis
2492 1584 2867 1661 mutabilis
2910 1612 2999 1676 x,
3053 1587 3268 1686 cujus
3327 1608 3699 1685 exponens
3755 1584 4252 1659 differentialis

950 1690 1114 1886 ‘ai-g.
1220 1739 1434 1825 Quod
1481 1736 1532 1812 fi
1581 1755 1954 1837 exponens
2004 1732 2127 1807 hic
2170 1729 2245 1807 ὅ(
2292 1729 2436 1829 ipse
2486 1733 2859 1808 mutabilis
2913 1734 3049 1809 est:
3100 1736 3448 1832 {indagari
3505 1734 3773 1832 pariter
3820 1731 4051 1829 potest
4093 1743 4251 1808 tam

946 1956 1139 2035 ratio
1169 1952 1664 2041 mutationum
1702 1947 2293 2035 fimultanearum
2332 1946 2830 2044 quantitatum
2866 1950 3319 2025 variabilium
3359 1899 3478 2014 ‘ll-³
3534 1947 3610 2023 δε
3647 1969 3731 2038 x3
3787 1968 4006 2042 quarn
4040 1948 4246 2035 ratio,

3423 2042 3470 2086 x

948 2142 1117 2219 quae
1172 2117 1273 2193 est
1318 2117 1530 2191 limes
1581 2113 1781 2188 istius
1818 2111 2159 2198 rationiS,
2213 2126 2435 2209 atque
2481 2111 2644 2209 ejus
2692 2136 3088 2211 exponens,
3214 2022 3471 2200 Rapo,
3520 2134 3686 2209 quae
3735 2111 3947 2187 fimes
3990 2107 4091 2182 est
4130 2133 4246 2185 ra-

947 2263 1170 2338 tionis
1225 2255 1722 2334 mutationum
1788 2252 2380 2328 fimultanearum
2430 2256 2865 2349 exponentis
2909 2255 3419 2333 differentialis:
3467 2254 3776 2329 duarum
3825 2244 4243 2348 ‘pluriumve

945 2401 1442 2500 quantitatum
1494 2394 1963 2472 mutabilium
2000 2390 2077 2468 &
2123 2394 2341 2468 unius
2383 2418 2479 2468 ex
2525 2393 2701 2483 illis,
2755 2395 3039 2471 dicatur
3089 2403 3251 2467 ratio
3296 2396 3724 2491 differentialis
3750 2392 4018 2486 secundi,
4069 2396 4237 2463 ordi·

941 2548 1086 2625 niu
1130 2538 1210 2616 &
1250 2557 1623 2635 exponens
1663 2533 2028 2633 praedistae
2062 2532 2364 2619 rationis
2403 2532 2690 2609 dicatur
2739 2562 3059 2629 exponens
3100 2538 3527 2633 differentialis
3539 2537 3798 2629 ficundi
3821 2536 4095 2606 ordinis.

1131 2680 1529 2778 Exponens
1591 2675 1841 2769 itaque
1895 2670 2397 2753 differentialis
2453 2675 2746 2752 secundi
2800 2681 3073 2755 ordinis
3138 2661 3524 2756 funffionis
3571 2677 3640 2748 P
3682 2673 3758 2753 &
3807 2678 4237 2771 quantitatis

1772 2764 1949 2877 32³2

939 2872 1312 2954 mutabilis
1352 2895 1401 2942 x
1449 2868 1550 2945 est
1600 2868 1750 2943 lim.
1771 2867 1991 3024 ,ἃς
2060 2862 2138 2941 &
2188 2867 2449 2942 eadem
2493 2866 2587 2943 de
2630 2871 2872 2959 causa,
2925 2875 3070 2968 qua
3118 2875 3355 2973 priuS,
3422 2894 3686 2966 nempe
3737 2869 4037 2965 majoris
4092 2868 4236 2943 cal-

935 3102 1078 3179 culi
1118 3094 1493 3173 facilitatis
1543 3093 1786 3224 causa,
1848 3113 2221 3190 exponens
2271 3091 2399 3168 iste
2441 3094 2831 3171 denotetur
2879 3094 3079 3194 figno
3118 3049 3308 3239 g.
3356 3098 3361 3101 ’
3413 3096 3514 3171 Et
3553 3094 3677 3168 hic
3729 3090 3934 3191 (imo
3967 3097 4231 3185 etiam,

932 3266 983 3342 fi
1024 3263 1181 3338 fieri
1227 3258 1492 3359 posset,
1558 3282 1602 3332 a
1646 3255 1980 3349 fortiori)
2044 3257 2446 3354 repetenda
2499 3256 2698 3346 sunt,
2767 3281 2935 3357 quae
2991 3262 3085 3340 de
3130 3248 3586 3364 simplicitate
3635 3260 3944 3357 symboli
4002 3260 4233 3358 hujus

929 3404 1219 3491 monui,
1287 3423 1430 3475 non
1476 3397 1801 3477 obstante
1857 3396 2021 3496 ejus
2076 3398 2455 3496 apparenti
2500 3400 3030 3497 compositione.
3146 3406 3261 3481 Ne
3317 3407 3481 3502 quis
3527 3411 3844 3500 quaerat:
3911 3402 4090 3496 quid
4139 3400 4230 3475 fit

929 3549 1133 3631 ddP,
1204 3565 1443 3637 neque
1499 3542 1675 3638 quid
1725 3539 1812 3615 fit
1868 3537 2087 3613 dx2‘?
2195 3540 2542 3627 Nullum,
2625 3541 2821 3633 quod
2876 3543 3301 3629 satisfaciat,
3378 3539 3738 3616 obtinebit
3796 3537 4227 3636 responsum.

931 3683 1351 3769 confideret
1403 3689 1647 3784 potius
1693 3681 2104 3778 symbolum
2148 3635 2315 3708 (ΜΡ
2375 3693 2729 3778 tanquam
2762 3687 3278 3782 expressionem
3310 3688 3606 3762 unicam
3642 3684 3717 3762 ὅ(
3763 3683 3866 3758 sui
3907 3688 4219 3782 generiS,

2146 3749 2194 3819 d
2216 3753 2308 3818 x²

926 3854 1138 3958 cujus
1179 3850 1473 3946 termini
1522 3853 1955 3945 apparentes
1995 3839 2268 3919 nullam
2310 3843 2594 3921 servant
2629 3845 3060 3921 relationem
3107 3859 3237 3925 aut
3275 3854 3553 3925 nexum
3588 3872 3757 3925 cum
3793 3852 4223 3946 quantitati·

920 4000 1062 4073 bus
1108 3994 1307 4077 MP,
1360 3989 1433 4063 ὃ(
1473 3989 1619 4056 Ax²
1644 4042 1662 4073 ,
1716 3985 1809 4058 ex'
1856 3985 2118 4082 quibus
2161 3985 2605 4064 incautiores
2636 3987 3142 4067 mathematici
3197 4015 3325 4067 eos
3361 3992 3694 4068 derivare
3731 3993 4034 4088 aggredi
4066 3990 4222 4090 pos-

924 4136 1115 4224 sent,
1167 4134 1243 4209 &
1275 4128 1500 4228 reipsa
1530 4126 1837 4202 nimium
1873 4126 2293 4224 frequenter
2327 4128 2629 4227 aggrefli
2664 4129 2848 4205 sunt.

2509 4342 2532 4357 ,
4132 4256 4220 4331 si

1002 4394 1118 4477 (a)
1170 4395 1330 4458 Utut
1367 4389 1769 4475 imperfefitus
1808 4390 2153 4454 etiamnum
2199 4387 2277 4453 fit
2313 4391 2587 4456 calculus
2630 4391 2988 4475 integr-aliae
3056 4412 3128 4455 ea
3157 4399 3366 4458 tamen
3406 4393 3494 4462 est
3538 4394 3878 4460 multitudo
3911 4390 4220 4459 formula-—
4245 4435 4257 4452 ,.

1154 4517 1292 4566 rum
1318 4542 1333 4568 ‚
1384 4509 1514 4560 tam
1546 4517 1696 4579 quas
1738 4497 2049 4577 integrare
2071 4539 2090 4569 ,
2148 4513 2330 4575 quam
2370 4515 2526 4576 quas
2561 4499 2634 4561 ad
2686 4497 3093 4579 fimpliciorea
3124 4499 3416 4563 reducere
3443 4501 3623 4571 licet,
3686 4497 3754 4559 δι
3791 4495 4082 4559 formulae
4112 4498 4215 4561 hae
4247 4541 4264 4568 ι,

1157 4604 1222 4665 in
1256 4612 1358 4665 tot
1387 4600 1812 4662 volumInibus
1831 4643 1849 4672 ,
1895 4599 1994 4660 vel
2029 4619 2062 4658 a
2092 4596 2350 4680 privatis
2373 4599 2823 4664 mathematicis
2842 4645 2862 4676 ,
2907 4600 3013 4665 vel
3039 4604 3114 4664 ab
3146 4602 3469 4664 academiis
3498 4600 3680 4662 editis
3699 4642 3719 4674 ,
3740 4598 4015 4680 dispersae
4034 4601 4210 4675 sunt3
4281 4585 4300 4634 X

1160 4716 1233 4767 ut
1271 4715 1502 4786 gratam
1544 4720 1721 4782 aeque
1752 4721 1823 4761 ac
1858 4699 2079 4761 ‘utilem
2118 4702 2568 4764 mathematicis
2609 4711 2870 4766 navaret
2907 4724 3197 4787 operam,
3241 4704 3348 4784 qui
3382 4701 3680 4764 formulas
3714 4700 3836 4781 jam
3869 4701 4210 4784 integi-atas

1164 4805 1495 4881 (Coa-asu
1534 4804 1603 4866 &
1644 4802 2107 4870 WALMESLEY
2157 4808 2520 4890 exemplo),
2578 4805 2644 4868 in
2677 4806 2916 4869 tabulas
2959 4817 3126 4896 apte
3152 4804 3468 4885 dispofitaa
3519 4804 3872 4888 redigeret,
3943 4827 4204 4896 quarum

1156 4925 1277 4988 ope
1313 4908 1735 4990 saepenumero
1770 4905 2059 4972 a·labore
2096 4908 2358 4974 taedioso
2402 4909 2473 4975 ὅτ
2517 4909 2831 4996 superfluo
2875 4929 3096 4980 vacare
3141 4907 3382 4977 liceret.
