4733 5844
919 381 1056 448 128

923 537 1259 638 poffibilis
1303 541 1427 629 fit,
1475 569 1611 621 nec
1650 571 1779 639 ne3
1851 551 1970 623 seu
2020 550 2529 645 inquirendum
2566 552 2666 666 est
2718 552 2794 626 in
2843 553 3198 626 rationem
3260 555 3767 642 velocitatum,
3823 578 3965 653 qua
4024 580 4210 656 prae-

931 678 1119 755 dista
1159 682 1569 779 poffibilitas
1625 701 1753 762 aut
1790 690 2306 787 impossibilitas
2355 694 2903 768 determinatur.
3009 695 3417 789 Algebrista
3462 708 3711 768 autem
3751 719 3896 769 non
3934 696 4212 797 semper

924 820 1031 894 ita
1076 834 1287 896 caute
1339 828 1701 921 procedit,
1768 853 2002 924 neque
2044 832 2716 931 semperpraevium
2764 836 2903 907 hoc
2958 859 3270 908 examen
3322 833 3647 908 instituit.
3779 799 4209 910 Universali-

924 961 1103 1034 tatis
1149 964 1428 1054 (nimio
1480 968 1968 1066 quandoque)
2024 970 2253 1046 studio
2302 973 2646 1072 impulsus
2684 974 3032 1047 formulas
3076 975 3338 1069 quaerit
3392 974 3806 1066 generaleS,
3883 997 4064 1069 quas
4114 978 4208 1049 ad

922 1122 1178 1174 omnes
1227 1107 1521 1179 omnino
1571 1108 1772 1182 casus
1827 1107 2110 1182 flectere
2159 1111 2455 1205 satagit,
2522 1113 2597 1186 &
2645 1113 2733 1186 iis
2779 1115 3000 1188 etiam
3046 1115 3439 1212 applicare,
3493 1113 3589 1185 ad
3628 1134 3810 1208 quos
3843 1134 3988 1186 non
4031 1135 4207 1208 qua-

924 1241 1140 1316 drant
1156 1267 1177 1335 3
1228 1246 1419 1340 quod
1458 1246 1595 1320 hoc
1643 1248 1787 1344 ipso
1837 1252 2174 1348 exemplo
2225 1250 2523 1347 patebit.

1117 1384 1282 1458 Sint
1336 1384 1679 1459 nimirum
1726 1380 1825 1470 V,
1876 1409 1952 1470 v,
2019 1390 2444 1464 velocitates
2498 1393 2692 1466 datae
2745 1392 3053 1466 duorum
3103 1392 3468 1465 viatorum
3520 1394 3625 1476 A,
3675 1392 3776 1473 B,
3824 1389 4206 1467 intervallo

920 1556 990 1586 :-
1049 1525 1132 1622 D,
1182 1525 1519 1622 primitus
1576 1527 1893 1600 invicem
1951 1528 2413 1618 distantium,
2477 1533 2553 1607 &
2593 1532 2806 1630 juxta
2856 1533 3161 1605 eandem
3207 1531 3495 1626 plagam
3542 1530 4197 1628 progredientium,

916 1663 1027 1738 ita
1074 1677 1157 1738 ut
1200 1669 1280 1737 A
1321 1664 1548 1761 ipsum
1605 1669 1673 1736 B
1732 1666 2218 1763 persequatur.
2340 1671 2748 1748 Velocitate
2793 1674 2866 1745 V
2897 1671 3122 1771 polita
3171 1668 3447 1768 majore
3492 1692 3714 1768 quam
3768 1691 3852 1760 υς
3914 1671 4205 1765 quando

922 1804 1155 1880 viator
1195 1810 1264 1877 A
1303 1808 1613 1880 alterum
1653 1810 1721 1877 B
1763 1807 2100 1903 attingit,
2149 1811 2289 1884 erit

1119 1961 1238 2036 via
1284 1966 1374 2040 ab
1429 1970 1491 2039 B
1537 1967 1868 2063 percursa
1966 1973 2044 2042 D
2095 1993 2153 2052 ><
2217 1944 2382 2032 »¹3-

2222 2038 2388 2108 V-v

1153 2260 1188 2278 -
1300 2257 1334 2281 -·
1431 2227 1512 2296 A
1600 2268 1634 2284 -
1759 2268 1793 2283 -
1970 2232 2049 2302 D
2098 2252 2155 2310 ><
2217 2178 2422 2367 17}st
2486 2226 2563 2303 &
2604 2227 2937 2306 formulae
2974 2231 3092 2307 hae
3134 2241 3302 2326 apte
3352 2228 3644 2302 omnino
3687 2220 4202 2327 repraesentant

916 2382 1193 2472 casum,
1242 2410 1386 2490 quo
1425 2390 1504 2462 V
1516 2405 1591 2475 t>
1632 2414 1690 2459 v.

1117 2545 1525 2642 Algebrista
1576 2560 1862 2634 autem,
1901 2568 2155 2622 omnes
2187 2549 2574 2623 universim
2607 2552 2806 2624 casus
2842 2574 2987 2624 una
3030 2553 3433 2648 eademque
3465 2548 3776 2623 formula
3820 2555 4196 2652 compleffl

917 2682 1288 2781 satagenS,
1342 2692 1605 2786 quaerit
1649 2690 1918 2765 etiam:
1975 2691 2150 2786 quid
2189 2689 2406 2787 juxta
2448 2713 2572 2762 eas
2605 2692 2769 2778 fiat,
2822 2692 2871 2766 fi
2921 2691 3004 2760 V
3019 2699 3070 2783 ξ
3108 2690 3203 2764 v?

1119 2829 1300 2903 Casu
1341 2844 1626 2916 autem,
1680 2853 1823 2927 quo
1866 2831 1951 2898 V
1957 2866 2026 2891 ι.-
2062 2854 2135 2915 v,
2190 2827 2666 2926 expreffiones
2704 2828 3088 2924 spatiorum
3127 2834 3216 2906 ab
3249 2845 3557 2926 utroque
3598 2831 3871 2903 viatore
3907 2855 4196 2939 percur-

916 2967 1152 3041 sorum
1182 2970 1920 3058 ,transformantur-*in
1960 2973 2146 3047 hanc
2191 2976 2262 3043 D
2303 2997 2359 3051 ><
2397 2977 2443 3064 ἑ
2465 2995 2485 3061 ;
2540 2968 2753 3063 cujus
2793 2968 3387 3065 significationem
3435 2969 3733 3042 definire
3767 2982 4074 3065 oportet.

1111 3131 1213 3204 Ut
1263 3153 1430 3202 cum
1480 3128 1676 3203 sensu
1719 3133 2091 3205 communi
2140 3132 2547 3231 responsum
2594 3130 2733 3204 hoc
2780 3131 3091 3225 algebrae
3140 3131 3561 3216 conveniat,
3611 3131 3824 3204 aliter
3873 3132 4054 3206 illud
4088 3133 4196 3207 in·

913 3273 1298 3373 terpretari
1345 3294 1488 3343 non
1543 3269 1852 3366 possum,
1905 3272 2031 3345 nisi
2070 3273 2420 3348 dicendo:
2484 3271 2665 3346 illud
2705 3271 3025 3345 indicare
3067 3270 3553 3346 exclusionem
3600 3270 3722 3345 seu
3760 3270 4196 3366 inlpoffibili-

909 3410 1142 3490 t'atem
1191 3409 1522 3484 occursus
1579 3414 1819 3486 mutui
1877 3415 2259 3487 viatorum.
2391 3410 2848 3506 Algebraista
2900 3423 3150 3485 autem
3196 3412 3287 3485 de
3343 3409 3637 3485 occursu
3683 3421 3942 3484 mutuo
3992 3410 4203 3507 loqui

920 3574 1271 3653 pergenS,
1322 3550 1499 3623 dum
1547 3552 1638 3624 de
1683 3553 1805 3630 illo
1849 3556 1972 3649 agi
2017 3553 2328 3652 amplius
2369 3573 2516 3623 non
2543 3550 2811 3646 potest,
2862 3551 3179 3625 viatores
3216 3550 3343 3624 fibi
3395 3561 3655 3623 mutuo
3698 3528 4073 3624 occurrere
4114 3549 4217 3623 in,

904 3696 1194 3790 distantia
1230 3690 1470 3783 infinita
1504 3691 1946 3787 pronuntiat.
2050 3694 2232 3776 Quae
2277 3690 2623 3785 loquendi
2656 3691 2887 3762 forma
2930 3690 3470 3784 rite‘explicata
3514 3690 3695 3762 nihil
3736 3690 3935 3763 aliud
3977 3687 4191 3784 figni-

911 3837 1129 3911 ficare
1168 3832 1430 3932 potest,
1487 3855 1709 3929 quam
1737 3832 1978 3904 locum
2013 3831 2345 3906 occursus
2373 3827 2615 3903 mutui
2651 3827 3016 3903 viatorum
3044 3828 3185 3900 hoc
3223 3826 3385 3901 casu
3419 3828 3746 3924 affignari
3787 3852 3936 3905 non
3967 3829 4190 3926 poss‘e3

913 3996 1050 4048 nec
1100 3971 1304 4046 ullibi
1359 3997 1683 4071 unquam
1744 3973 2060 4047 viatores
2104 3969 2230 4045 fibi
2274 3979 2534 4044 mutuo
2584 3989 2983 4043 occurrere.
3101 3966 3537 4062 Symbolum
3590 3972 3817 4064 igitur
3857 3976 3942 4062 -ὲ,
3996 3969 4194 4065 quod

901 4116 1233 4190 formulis
1269 4113 1849 4211 praecedentibus
1884 4111 2072 4185 casui
2101 4111 2272 4185 huic
2295 4110 2673 4207 applicatis
2708 4107 3223 4192 introducitur,
3279 4110 3371 4182 de
3406 4108 3959 4206 impoffibilitate
3991 4132 4192 4207 quae·

901 4254 1149 4329 stionis
1216 4259 1408 4329 nunc
1462 4252 1838 4352 propofitae
1891 4275 2024 4325 nos
2071 4262 2365 4333 monet,
2445 4251 2709 4324 eodem
2769 4246 3048 4344 prorsus
3104 4248 3359 4337 modo,
3444 4274 3588 4346 quo
3652 4250 3849 4346 ligna
3903 4252 4193 4332 Υ-ι,

901 4365 1090 4490 32*—
1119 4442 1152 4490 1
1206 4417 1837 4514 impoffibilitatem
1878 4414 2146 4488 docent
2190 4409 2563 4484 solutionis
2603 4406 2681 4481 ὅ(
2722 4410 3278 4505 repugnantiam
3311 4425 3644 4488 mutuam
3687 4415 4187 4489 conditionum

897 4558 1469 4655 problematum,
1525 4575 1833 4649 quorum
1887 4567 2233 4651 tanquam
2269 4550 2695 4650 possibilium
2734 4550 3060 4626 trattatio
3104 4550 3510 4646 algebraica
3550 4552 3746 4649 figna
3795 4556 3916 4629 illa
3963 4556 4191 4629 intro-

903 4699 1169 4770 ducere
1221 4696 1481 4790 coligit.

1319 4809 1330 4818 ,
3916 4839 4187 4923 Quam·
