4733 5844
966 382 1113 476 33⁶

964 555 1440 638 terminatam
1484 573 1839 668 acquirit:
1906 579 2069 649 tum
2105 574 2301 651 ultra
2340 584 2681 656 centrum
2738 582 3207 679 progreditur
3260 597 3470 662 motu
3505 587 3880 692 retardato
3925 583 4135 664 simili
4186 609 4306 662 ra-

970 697 1173 773 tione
1200 756 1220 790 ‚
1272 725 1415 800 qua
1461 713 1778 789 accessus
1823 713 2041 812 ipsius
2090 716 2188 792 ad
2216 723 2857 800 centrumsuerat
2900 729 3374 806 acceleratim.
3487 729 4122 808 considerationes
4162 730 4302 825 igi·

977 848 1102 912 tur
1137 842 1457 940 physicae
1504 850 1941 934 sententiam
1995 859 2138 935 hoc
2182 860 2348 937 casu
2390 862 2865 955 confirmant,
2931 892 3154 966 quam
3199 872 3291 949 de
3333 870 3859 970 significatione
3915 872 4226 969 symboli
4255 881 4305 968 -3

978 980 1239 1082 Capite
1272 987 1397 1064 IX.
1443 993 1788 1089 professus
1850 999 2028 1077 sum.
2148 1002 2361 1080 Conf.
2417 1003 2601 1082 Diss.
2639 1010 2782 1086 Dn.
2819 999 2962 1089 'LE
2997 1013 3209 1092 sime
3265 1016 3531 1093 inserta
3580 1015 3836 1092 Diario
3878 1014 4180 1109 Journal
4234 1018 4310 1086 de

840 1103 849 1108 ,
967 1125 1264 1226 plzyfique
1310 1135 1384 1203 de
1418 1134 1655 1209 l’Abbe‘
1691 1144 1978 1216 Rozier.
2013 1145 2313 1238 Janvier
2351 1152 2564 1244 1776.
3615 1189 3623 1196 ’

1188 1271 1552 1352 Formulae
1584 1281 2089 1378 praecedentes
2140 1286 2599 1387 applicantur
2648 1295 2744 1370 ad
2783 1307 3032 1373 motus
3078 1300 3297 1398 juxta
3333 1300 3580 1397 legem
3617 1321 4133 1397 quamcunque
4179 1299 4310 1376 da-

991 1420 1151 1485 tam
1188 1414 1543 1510 variatos3
1597 1426 2034 1504 nominatim
2082 1428 2182 1504 ad
2223 1443 2474 1507 motus
2515 1457 2902 1536 corporum
2942 1442 3020 1516 in
3060 1441 3327 1517 mediis
3366 1438 3877 1515 refistentibus.
3976 1441 4130 1517 Sed
4164 1441 4314 1515 sco-

986 1575 1125 1649 pus
1175 1554 1546 1651 praesentis
1590 1560 1995 1664 scriptionis
2039 1568 2567 1670 applicationes
2616 1575 2753 1653 has
2793 1582 3125 1680 persequi
3166 1583 3531 1681 prohibet.
3635 1552 3878 1666 Quare
3927 1582 4027 1656 ad
4067 1594 4319 1657 motus

991 1693 1440 1792 compositos
1482 1691 1931 1796 progredior.

1196 1830 1973 1932 §·229·KEP1.ER1
2011 1851 2483 1929 celeberrima
2535 1855 2661 1929 lex
2701 1881 3038 1936 arearum
3071 1862 3349 1958 insigne
3384 1863 3665 1962 praebet
3696 1853 4116 1961 exemplum
4142 1863 4318 1937 faci-

997 1973 1267 2060 litatis,
1335 1998 1558 2071 quam
1614 1983 2292 2084 investigationibus
2339 1994 2692 2093 physico·
2707 1999 3255 2076 mathematicis
3302 2003 3642 2078 conciliat
3678 2000 4061 2122 suppositio
4103 2003 4321 2078 attio-

996 2114 1112 2187 nis
1159 2140 1305 2191 non
1354 2120 1723 2200 continuae
1774 2131 2007 2207 causae
2059 2137 2410 2213 motricis.
2516 2139 2803 2238 Quippe
2845 2138 3063 2236 juxta
3104 2165 3269 2218 eam
3311 2143 3824 2219 demonstratio
3861 2141 4052 2237 legis
4089 2140 4320 2238 hujus

1006 2256 1289 2332 nonnisi
1352 2257 1895 2359 fimpliciffimas
1943 2279 2251 2373 requirit
2300 2281 2735 2375 geometriae
2784 2280 3255 2360 elementaris
3310 2283 3874 2384 propositioneS‚
3941 2303 4066 2356 eas
4112 2281 4323 2357 nimi-

997 2417 1203 2488 rum,
1287 2402 1554 2498 quibus
1612 2410 1877 2486 nititur
1934 2421 2321 2515 aequalitas
2387 2421 2928 2522 triangulorum
2986 2403 3521 2523 aequealtorum
3571 2426 3780 2526 super
3834 2423 4100 2501 eadem
4152 2420 4322 2498 bafi.

1002 2536 1117 2611 Re
1163 2543 1389 2619 etiam
1433 2546 1583 2646 ipsa
1629 2576 1888 2632 omnes
1929 2559 2083 2635 fere
2127 2563 2499 2656 austores,
2551 2577 2935 2665 praeeunte
2968 2568 3422 2659 anmvo,
3470 2590 3635 2645 eam
3680 2564 3900 2664 juxta
3937 2565 4128 2640 hanc
4169 2563 4330 2663 sup-

1002 2678 1437 2775 positionem
1483 2683 1851 2793 explicant
1864 2720 1888 2791 ‚⁰
1941 2702 2289 2801 quicquid
2331 2719 2664 2785 ceterum
2692 2710 2786 2785 de
2817 2697 3329 2785 conformitate
3361 2706 3696 2811 suppositi
3718 2697 3953 2806 'hujus
3993 2729 4165 2781 cum
4198 2729 4329 2781 na-

1007 2833 1175 2899 tura
1228 2829 1335 2945 rei
1372 2832 1721 2913 sentiant:
1793 2841 1872 2920 &
1924 2853 2089 2919 tum
2140 2847 2239 2924 ad
2294 2849 2590 2927 semitas
2648 2850 3094 2927 curvilineas
3126 2851 3528 2952 applicant,
3578 2852 3775 2955 quod
3823 2850 3905 2929 in
3942 2846 4332 2928 restilineis

1007 2960 1255 3044 locum
1310 2972 1568 3067 habet,
1624 2996 1998 3085 utcunque
2039 2990 2323 3088 exigua
2359 2991 2500 3070 smt
2538 2994 2773 3071 latera
2811 2978 3149 3093 ipsarum.

1122 3162 1129 3165 -
1214 3113 1754 3200 Demonstratio
1801 3129 2046 3204 curvis
2093 3132 2261 3231 ipsis
2301 3125 2731 3212 immediate
2767 3135 3127 3236 applicata
3167 3155 3379 3232 aeque
3419 3134 3652 3215 facilis
3686 3159 3836 3210 non
3875 3133 4000 3210 est.
4105 3135 4336 3214 Com-

1000 3238 1397 3359 parationis
1454 3265 1768 3345 duarum
1817 3272 2341 3351 methodorum
2395 3278 2863 3356 instituendae
2920 3273 3159 3373 gratia
3207 3270 3669 3369 posteriorem
3708 3276 4001 3349 tradam
4042 3300 4134 3350 eo
4177 3276 4332 3355 fere

997 3397 1259 3487 modo,
1311 3426 1458 3500 quo
1492 3406 1725 3505 ipsam
1762 3411 2095 3511 exposuit
2131 3416 2265 3493 cel.
2311 3445 2418 3497 DE
2460 3446 2559 3497 LA
2599 3423 2859 3500 Ptncn
2897 3421 2978 3496 in
3032 3419 3313 3493 Theoria
3348 3415 3471 3490 sua
3506 3431 3711 3486 motus
3735 3419 4147 3509 planesarum.

1201 3540 1319 3617 Sit
1380 3554 1436 3622 S
1466 3549 1676 3626 focus
1721 3554 2270 3652 gravitationis3
2326 3562 2470 3633 SM
2492 3564 2765 3639 radius*
2793 3561 3070 3650 vestm,
3123 3559 3246 3635 seu
3291 3554 3660 3648 distantia,
3704 3592 3778 3623 =
3812 3582 3892 3652 νς
3947 3560 4044 3632 Μ
4067 3581 4330 3659 corpus

1018 3685 1402 3774 gravitans
1420 3715 1441 3785 3
1498 3692 1576 3769 &
1612 3698 1938 3791 gravitas
1978 3695 2067 3773 sit
2105 3701 2517 3801 cuicunque
2549 3704 2914 3782 distantiae
2944 3704 3091 3777 SM
3112 3698 3463 3783 functioni
3494 3719 3671 3793 =Qr
3699 3704 4267 3802 proportionalis.

1204 3810 1345 3903 Per
1402 3833 1652 3910 focum
1693 3841 1749 3909 S
1791 3853 2107 3935 agantur
2160 3842 2329 3918 duae
2390 3867 2851 3942 quaecunque
2899 3846 3115 3954 rectae
3163 3837 3298 3924 SP,
3348 3839 3507 3933 SQ,
3556 3841 3874 3919 invicem
3917 3843 4280 3920 normales
4292 3868 4319 3940 3

1009 3967 1106 4043 ad
1151 3992 1334 4067 quas
1382 3975 1739 4055 referatur
1780 3995 2030 4062 motus
2062 3984 2385 4084 corporis
2420 3986 2524 4057 M·
2619 3986 2792 4063 Sint
2832 3986 3075 4056 MP
2999 4012 3075 4033 -·-·
3098 3983 3312 4078 SQ=
3340 4007 3425 4069 x
3475 3985 3728 4079 MQ=
3654 4012 3818 4083 —y·

1206 4163 1426 4244 Astio
1466 4174 1852 4289 gravitatis
1895 4148 2296 4256 secundum
2333 4178 2806 4256 direttionem
2842 4178 2998 4272 MQ
3026 4178 3167 4252 erit
3206 4191 3466 4318 ‘prx‘r‘
3401 4150 3506 4220 y·
3485 4174 3962 4266 ,secundum
3992 4177 4322 4257 direffio-

1005 4358 1182 4410 nem
1223 4338 1375 4436 SQ,
1425 4322 1682 4435 orxx
1614 4391 1695 4404 --
1719 4348 1885 4427 t&
1933 4352 2349 4428 celeritates
2402 4353 2720 4452 planetae
2763 4351 2983 4449 juxta
3020 4350 3157 4426 has
3201 4346 3630 4425 direfflones
3667 4351 4059 4502 respestive
4104 4367 4320 4432 erunt

1634 4403 1735 4484 r·

1006 4603 1142 4693 3-‚
1148 4502 1322 4696 35.
1447 4560 1925 4662 Exponentes
1976 4567 2503 4645 differentiales
2561 4568 3026 4646 celeritatum
3082 4568 3390 4655 harum,
3467 4566 3593 4665 qui
3645 4566 3922 4646 viribus
3969 4593 4059 4666 (pr
4092 4587 4153 4648 ><
4199 4546 4317 4712 ἔ,

1011 4786 1172 4861 ‹va
1191 4828 1271 4914 7
1202 4746 1900 4883 prqportionales
1942 4782 2139 4876 sunt,
2202 4788 2589 4889 respefflve
2635 4794 2984 4928 emntdt
2903 4734 2996 4809 d
2903 4760 3080 4901 -ἔ,
3145 4734 3312 4929 {ti}
3411 4782 3628 4873 Unde
3669 4788 3840 4867 duae
3868 4791 4317 4903 consequun-

4190 4968 4322 5033 tut
