4733 5844
3565 403 3704 476 331

393 568 704 665 pusi-ulis,
769 587 907 666 quoe
964 565 1305 640 intervallis
1347 564 1537 638 relate
1583 565 1666 634 ad
1718 557 2111 659 dimenfiones
2155 549 2440 652 &osorum
2482 556 2808 632 admodum
2849 563 3098 657 magnis
3143 560 3405 631 invicem
3455 556 3703 654 distent,

403 709 498 787 Εἴ
529 712 997 808 quaquaverstaes
1046 714 1160 803 (c)
1186 711 1527 807 flectendum
1565 710 1757 779 lineas
1790 702 1986 775 naas
2032 704 2338 775 eeleritate
2370 704 2747 800 praegrandi
2779 714 3164 773 moveantur.

601 858 743 933 Dn.
807 857 924 932 LE
960 854 1183 942 *SAGE
1231 852 1533 928 astionis
1606 846 1815 922 fluidi
1878 839 2107 941 hujus
2155 842 2707 940 consequentias
2754 844 3316 920 mathematicas
3368 857 3708 922 accurate

407 996 713 1087 evolvit,
741 995 845 1072 ’ὃς
885 992 1303 1069 consensum
1348 1013 1602 1068 earum
1651 1013 1825 1067 cum
1867 983 2372 1092 phaenomenis
2424 982 2808 1080 gravitatis
2860 983 3188 1060 ostendit.
3287 961 3712 1064 Meditatio-

408 1162 542 1214 nes
574 1137 791 1237 ipfius
824 1139 916 1214 de
957 1135 1187 1210 arduo
1218 1133 1359 1208 hoc
1401 1131 1722 1232 phyficae
1763 1127 2124 1228 generalis
2158 1122 2441 1230 objecto
2475 1126 2720 1201 minus
2755 1125 2998 1202 adhuc
3024 1140 3220 1203 notae
3252 1127 3434 1203 sunt.
3540 1116 3719 1206 Stu-

410 1281 568 1369 dio,
619 1304 762 1378 qua
808 1280 1131 1380 poliunt,
1182 1274 1618 1376 perfeffione
1658 1271 1984 1350 redastas
2038 1266 2328 1369 publico
2377 1269 2827 1365 exponendi,
2880 1270 3139 1369 scripta
3177 1269 3300 1345 sua
3338 1265 3717 1370 divulgare

411 1447 559 1497 non
604 1422 1018 1500 festinavit:
1088 1441 1228 1494 nec
1288 1415 1417 1493 nisi
1465 1417 1741 1516 primas
1809 1411 2214 1511 systematis
2265 1410 2369 1484 sui
2414 1410 2646 1484 lineas
2704 1411 2782 1485 in
2829 1381 3719 1514 Dissertationeinscripta

411 1563 585 1664 Effizi
640 1570 711 1636 de
765 1567 999 1662 chymie
1049 1562 1441 1655 mecanique,
1523 1580 1748 1655 quam
1810 1545 2222 1631 Academia
2264 1550 2880 1646 Rhotomagenfis
2924 1525 3118 1627 anno
3163 1575 3368 1651 1758.
3416 1557 3720 1654 praemio

415 1708 736 1792 ornavit,
791 1728 876 1781 ac
918 1725 1153 1802 nuper
1186 1702 1262 1777 in
1299 1699 1603 1771 Lucretio
1634 1695 2050 1770 Newtoniano
2068 1747 2089 1781 ‚
2147 1691 2718 1767 Commentariis
2761 1687 3191 1772 Academiae
3235 1689 3724 1773 Berolinenfis

416 1849 589 1923 anni
628 1864 833 1944 1782.
881 1845 1184 1932 inserto,
1252 1840 1607 1939 exposuit.
1730 1834 2086 1910 Ambitus
2143 1832 2309 1929 ejus
2358 1853 2579 1929 opera
2624 1834 3140 1908 nonnullorum
3189 1835 3408 1934 ipfius
3457 1838 3727 1914 amico-

418 2010 585 2072 rum
629 1986 1169 2085 quodammodo
1217 1980 1574 2059 innotuit:
1626 1995 1812 2077 quos
1858 1976 2053 2050 inter
2104 1973 2272 2049 Dni.
2316 1974 2439 2049 Da
2471 1972 2645 2047 Luc
2691 1973 2768 2050 in
2805 1973 3023 2051 variis
3066 1974 3211 2049 suis
3259 1975 3575 2075 scriptiS‚
3634 1979 3730 2069 iis

418 2131 889 2217 nominatim,
963 2148 1132 2223 quae
1173 2124 1299 2199 sub
1342 2120 1600 2197 titulo:
1667 2116 1851 2194 Ide'es
1878 2116 2027 2212 stcr'
2053 2116 2113 2186 la
2146 2113 2643 2212 Meteorologie,
2694 2117 2951 2189 Lettres
2995 2120 3036 2189 ὰ
3081 2119 3139 2187 la
3181 2120 3382 2189 Reine
3422 2122 3730 2220 d’Angle-

416 2284 587 2344 terre
607 2327 630 2362 ,
707 2276 961 2345 Lettres
1013 2270 1053 2339 ὰ
1105 2269 1244 2340 Mr.
1295 2269 1383 2336 de
1421 2265 1480 2335 ta
1528 2261 1873 2356 Methana,
1938 2257 2207 2350 edidit3
2282 2256 2360 2333 &
2410 2256 2579 2333 Dni.
2604 2245 2992 2335 'PREvosr
3049 2259 3128 2334 in
3170 2257 3352 2337 libro
3393 2259 3731 2360 inscripto

420 2415 698 2511 Origine
748 2418 854 2487 des
884 2415 1114 2510 forces
1156 2411 1598 2508 magnetiques.
1649 2377 1775 2497 (A)
1885 2394 2119 2476 Grato
2165 2397 2244 2472 in
2286 2409 2642 2492 agnatum
2689 2400 2888 2477 hunc
2925 2400 3043 2499 pie
3098 2402 3689 2479 devenerandum
3710 2460 3729 2493 ,

425 2556 641 2656 quus
703 2579 902 2634 curae
950 2551 1301 2651 quicquid
1342 2549 1421 2623 in
1474 2569 1595 2622 me
1637 2544 1739 2619 est
1791 2542 2134 2619 dostrinae
2176 2540 2449 2628 debeo,
2514 2542 2779 2619 affectu
2813 2523 3097 2630 motus,
3149 2567 3322 2619 cum
3362 2546 3738 2645 septennio

426 2697 693 2772 abhinc
746 2721 841 2771 ex
898 2696 1197 2773 Polonia
1251 2696 1696 2773 reverterer,
1762 2682 2214 2786 summopere
2271 2682 2519 2781 optavi
2571 2682 2928 2777 exiguum
2990 2686 3156 2780 ejus
3207 2685 3737 2761 documentum

425 2835 553 2935 ipfi
596 2839 945 2915 exhibere
990 2858 1209 2937 opera
1238 2855 1403 2908 mea
1438 2829 1923 2930 qualicunque
1960 2823 2741 2927 eid-manuscriptorum
2772 2819 2989 2921 ipfius
3027 2825 3543 2926 multiplicium
3580 2825 3736 2901 edi-

428 2980 785 3056 ditionem
830 2976 1423 3079 promovendam.
1528 2972 1692 3057 Quo
1734 2967 2129 3075 jucundior
2175 2968 2361 3044 mihi
2401 2941 2587 3053 fuit’,
2642 2987 2869 3063 quam·
2903 2967 3310 3061 diu-‚animo
3352 2964 3532 3054 fovi,
3582 2963 3739 3063 spes

427 3119 569 3222 hoc
604 3134 779 3217 voto
812 3119 1189 3220 potiundi,
1239 3141 1328 3193 eo
1374 3113 1616 3209 magis
1652 3109 1936 3193 irritam
1978 3109 2069 3188 ab
2109 3132 2231 3185 me
2269 3117 2705 3211 conceptam
2740 3106 2941 3185 fuisse
2965 3107 3210 3184 dolui.

2047 3289 2162 3364 Τῐ
2217 3309 2263 3403 2<
3438 3288 3517 3391 §.
3573 3309 3738 3385 225.

442 3468 455 3475 -
520 3496 624 3579 (c)
682 3497 837 3562 Haec
884 3513 1137 3579 quoque
1193 3481 1500 3569 expreffio
1547 3477 1799 3562 pbyfice
1842 3477 1930 3541 est
1978 3476 2395 3571 intelligenda.
2515 3472 2707 3550 Quod
2755 3475 2954 3540 innuo
3003 3475 3382 3540 difficultatis
3425 3471 3744 3537 solvendae

671 3602 908 3684 gratia,
946 3618 1146 3679 nuper
1182 3595 1257 3658 ab
1293 3588 1511 3654 illustri
1550 3583 1995 3650 mathematico
2011 3592 2243 3653 motae,
2284 3580 2353 3644 δε
2389 3576 2637 3642 uberius
2672 3578 2750 3642 ab
2789 3579 2956 3643 Duo.
2980 3579 3376 3647 Wucnnns
3402 3576 3741 3658 expolitae,

628 3742 631 3747 -
671 3715 892 3767 contra
923 3720 1070 3784 pag.
1102 3717 1178 3781 71
1198 3699 1281 3779 sq.
1326 3687 1818 3757 Differtationis:
1866 3681 2060 3771 Effeci
2102 3681 2183 3746 de
2221 3678 2487 3766 chymie
2511 3680 2929 3766 maeanique3
2984 3681 3090 3745 ubi
3125 3680 3556 3764 dispositiones
3594 3697 3747 3762 qua·
3792 3744 3798 3750 ,

524 3874 531 3881 ,
672 3791 1065 3877 dratiformes
1096 3800 1473 3887 punctorum
1503 3795 1569 3855 in
1603 3787 1921 3872 superficie
1957 3787 2211 3872 sphaerae
2247 3785 2539 3867 rigoroso
2570 3785 2742 3850 sensu
2768 3785 3211 3850 mathematico
3248 3785 3444 3867 accipi
3482 3805 3610 3848 non
3639 3783 3748 3845 de-
3877 3822 3882 3829 ·

674 3910 849 3974 bent.
931 3908 1063 3981 Qui
1100 3906 1336 3982 primus
1370 3914 1629 3960 naevum
1664 3891 1967 3956 doctrinae
2006 3890 2483 3955 Elementorum
2517 3888 2794 3953 Euclidis
2839 3890 2916 3953 de
2948 3890 3191 3972 angulis
3227 3889 3436 3954 solidis
3475 3885 3745 3950 animad-

670 4012 871 4078 vertit
912 4013 1238 4092 geometra
1280 3995 1513 4079 (Hifl’.
1539 3992 1621 4055 de
1655 3990 1925 4075 I’Acad.
1955 3992 2183 4071 royal.
2215 3992 2335 4052 des
2366 3988 2481 4073 Sc.
2518 3994 2698 4072 1756.
2730 3988 3109 4054 Ber-manni
3141 3987 3637 4056 commentatio
3664 3988 3747 4052 dg

572 4158 578 4165 -
674 4111 956 4199 angulis
971 4104 1291 4196 solidis);
1333 4107 1658 4185 poteratne
1689 4094 1754 4157 in
1789 4111 2048 4175 gravem
2073 4091 2344 4159 incidere
2374 4109 2646 4159 errorem
2669 4138 2690 4168 ,
2732 4114 2918 4176 quem
2949 4096 3379 4173 commisisset,
3419 4094 3467 4158 fi
3497 4091 3746 4176 expres-
3881 4081 3900 4091 “

676 4222 882 4285 fiones
926 4214 1113 4297 ipsius
1154 4213 1229 4276 ad
1266 4204 1692 4273 discuffionem
1730 4197 2043 4280 phyficam
2081 4194 2465 4278 pertinentes
2506 4196 2942 4260 mathematice
2976 4194 3171 4261 effent
3212 4195 3745 4280 interpretandae?

679 4324 856 4406 (vid.
902 4314 1221 4385 Wilckens
1254 4308 1551 4395 Aufsc'ize
1594 4299 1998 4370 mathemat.
2050 4297 2355 4365 Inhalts.
2414 4298 2596 4365 tht.
2625 4316 2806 4381 1790.
2874 4295 3221 4379 Kd’fhners
3257 4311 3575 4386 geometr.
3608 4295 3747 4362 Ab·

534 4496 539 4505 Q
604 4445 613 4513 3
686 4423 925 4489 handl.
972 4422 1155 4489 Gott.
1195 4409 1409 4502 1791.)
1551 4440 1555 4445 ·
2772 4481 2779 4487 ‚

525 4555 645 4638 (d)
685 4552 810 4635 Dn.
837 4550 936 4614 Lr.
973 4545 1166 4613 Snoz
1195 4560 1325 4605 non
1359 4535 1558 4601 solum
1591 4531 1850 4597 arduum
1874 4528 2203 4614 gravitatis
2235 4526 2595 4593 universalis
2638 4526 3103 4619 phaenomenon
3142 4523 3594 4609 peractionem
3627 4527 3745 4591 im.

483 4634 491 4672 ³
539 4674 549 4681 ·
686 4654 1017 4720 mediatam
1041 4644 1548 4729 corpusculorum
1580 4631 1758 4720 sup'ra
1799 4628 2212 4698 iudicatorum
2244 4633 2553 4716 explicat:
2593 4631 2695 4696 sed
2733 4632 2949 4695 eadem
2977 4646 3231 4711 quoque
3263 4629 3590 4692 mediatam
3617 4631 3748 4707 ple-

685 4773 1026 4838 rorumque
1044 4754 1610 4837 phaenomenorum
1647 4749 1888 4806 naturae
1924 4741 2304 4822 generalium
2351 4736 2594 4802 causam
2626 4734 2754 4802 effe
2771 4734 3085 4813 ostendit,
3123 4739 3427 4811 quatenus
3459 4731 3747 4800 activita-

702 4870 833 4930 tem
868 4858 1032 4925 suam
1067 4856 1211 4943 ipfis
1240 4855 1503 4923 debeant
1541 4844 1735 4918 fluida
1766 4840 2049 4922 elaststa.
2082 4862 2193 4927 per
2224 4861 2366 4928 quae
2399 4840 2814 4929 phaenomena
2846 4838 2954 4905 illa
2995 4832 3249 4918 poffunt
3284 4833 3597 4916 explicari.
