4733 5844
979 380 1118 453 ¹88
1193 416 1202 423 ·

979 545 1116 620 bus
1167 541 1513 630 stabilita,
1564 541 1825 618 eadem
1858 561 2031 617 vera
2075 540 2178 619 est
2222 565 2355 643 pro
2396 544 2541 621 alia
2573 554 3010 646 quacunque
3055 549 3280 644 re&a;
3357 546 3501 626 five
3543 562 3876 628 transeat
3920 573 4051 653 per
4100 577 4287 653 pun·
4436 534 4443 535 f

980 683 1174 760 stum
1220 681 1555 761 occursus
1588 682 1949 780 priorum,
2000 682 2143 760 five
2188 708 2355 765 non.

1170 825 1560 920 observatio.
1659 822 1745 899 In
1799 823 2212 900 enunciatis
2265 829 2854 925 praecedentibus
2915 831 3277 935 supposui,
3327 834 3592 933 punsta
3652 835 3826 915 data
3889 834 4135 935 jacere
4194 840 4290 917 ad

977 970 1278 1047 easdem
1315 977 1561 1066 partes
1599 964 1856 1053 restae,
1909 965 1985 1039 in
2025 988 2248 1062 quam
2295 972 2811 1069 perpendicula
2853 988 3197 1072 aguntur.
3300 977 3384 1053 Si
3422 977 3626 1054 secus
3664 977 3925 1060 suerit:
3977 981 4288 1061 mutatis

974 1113 1196 1209 fignis
1238 1108 1924 1212 perpendiculorum
1968 1131 2064 1182 ex
2103 1109 2385 1208 punitis
2420 1113 2516 1189 ad
2558 1113 2874 1192 diversas
2921 1115 3261 1214 ejusdem
3303 1118 3519 1195 restae
3557 1124 3803 1218 partes
3837 1116 3987 1192 fitis
4026 1119 4287 1196 demis-

972 1257 1249 1349 sorum3
1304 1272 1764 1351 quaecunque
1806 1248 1898 1322 de
1939 1247 2221 1331 summa
2269 1252 2460 1330 ditia
2503 1256 2838 1347 fuerunt,
2912 1260 3369 1358 applicantur
3419 1260 3766 1347 excefl'ui,
3818 1282 3964 1356 quo
4004 1260 4282 1340 summa

969 1396 1595 1492 restangulorum,
1637 1388 1919 1489 punffls
1965 1393 2056 1470 ab
2097 1416 2245 1469 una
2300 1395 2529 1495 hujus
2584 1401 2800 1477 lineae
2857 1417 3065 1499 parte
3109 1402 3260 1478 fitis
3302 1400 3930 1503 respondentium,
3994 1401 4282 1502 superat

968 1544 1326 1621 summam
1359 1536 1830 1633 reliquorum·
1881 1610 1886 1617 .
1947 1531 2110 1621 ,Quo
2151 1535 2434 1615 monito
2476 1542 2865 1637 praemissu,
2921 1546 2997 1619 in
3037 1545 3503 1642 sequentibus
3552 1545 3820 1641 pariter
3872 1542 3966 1618 de
4007 1543 4280 1621 summa
4382 1616 4395 1624 .

972 1699 1263 1763 tantum
1303 1682 1545 1757 dicere
1588 1670 1932 1764 sufficiet;
1979 1673 2176 1771 quali
2216 1679 2462 1754 omnia
2507 1684 2769 1782 puncta
2815 1686 2912 1762 ad
2952 1687 3253 1763 easdem
3297 1686 3550 1774 retiae,
3598 1686 3675 1761 in
3721 1707 3943 1785 quam
3975 1709 4285 1787 perpen-

973 1829 1218 1910 dicula
1257 1831 1614 1920 aguntur,
1663 1826 1908 1914 partes
1944 1812 2297 1911 jacerent.

1166 1964 1248 2070 ᾗ,
1307 1974 1466 2065 136.
1571 1958 1655 2041 In
1683 1956 2116 2033 Mechanica
2151 1958 2589 2070 ostenditur:
2644 1969 2993 2066 puntium
3034 1971 3109 2044 Ζ
3152 1993 3542 2046 commune
3580 1967 3719 2044 esse
3760 1968 4101 2064 gravitatis
4143 1992 4280 2041 cm·

969 2139 1141 2196 trum
1196 2108 1512 2209 totidem
1567 2097 1954 2211 massarum
1999 2123 2073 2188 a,
2130 2102 2205 2189 b,
2259 2129 2324 2191 c,
2378 2157 2394 2174 .
2449 2156 2467 2174 .
2517 2162 2534 2180 .
2583 2111 2640 2197 1,
2722 2132 3036 2206 quarum
3092 2109 3536 2205 singularum
3582 2097 3832 2188 centra
3894 2112 4279 2205 gravitatis

959 2264 1107 2349 fint
1154 2262 1262 2345 A,
1329 2255 1436 2340 B,
1486 2250 1583 2335 C,
1649 2294 1668 2313 ·
1721 2292 1740 2312 ·
1789 2290 1809 2309 ·
1839 2244 1947 2351 L.
2069 2243 2232 2331 Qua
2281 2246 2527 2345 punfti
2574 2253 2644 2326 Z
2704 2252 3305 2329 denominatione
3359 2253 3481 2330 hic
3536 2256 3764 2330 etiam
3839 2254 4278 2351 (brevitatis

971 2402 1221 2494 causa)
1271 2397 1383 2472 uti
1419 2394 1662 2471 liceat.
2289 2458 2302 2466 ,

967 2528 974 2533 ’
1162 2544 1419 2639 Itaque
1466 2533 1817 2637 punstum
1873 2527 2089 2617 retiae
2147 2532 2662 2627 magnitudine
2718 2537 2917 2615 datae
2961 2540 3294 2616 medium
3344 2537 3471 2616 est¹
3504 2550 3843 2614 centrum
3896 2535 4279 2633 gravitatis

964 2688 1195 2788 hujus
1234 2684 1493 2771 lineae3
1563 2675 1640 2754 &
1683 2673 2132 2774 superficies,
2199 2696 2423 2773 quam
2472 2676 2663 2753 resta
2713 2681 3225 2776 magnitudine
3286 2681 3464 2757 data
3513 2677 3701 2754 circa
3751 2700 3969 2754 axem
4010 2674 4281 2776 ‘quem-

964 2800 1158 2915 libetx
1202 2823 1536 2904 revoluta
1583 2828 1919 2916 generat,
1997 2817 2306 2916 aequalis.
2349 2817 2452 2894 est
2495 2820 2915 2919 restangulo
2972 2823 3097 2900 sub
3148 2826 3289 2900 hac
3350 2822 3543 2899 retia
3586 2818 3663 2896 δι
3712 2817 3857 2915 subd
3891 2819 4279 2897 circumfe-

963 2973 1243 3058 rentia,
1290 2988 1513 3065 quam
1549 2973 1890 3037 centrum
1931 2960 2318 3056 gravitatis
2352 2959 2518 3060 ejus
2552 2968 2916 3044 rotatione
2963 2970 3103 3045 hac
3150 2967 3500 3047 describit.

1157 3111 1347 3188 Item
1378 3115 1716 3180 centrum
1758 3099 2017 3197 figurae
2054 3100 2385 3200 cujusvis
2428 3106 2831 3207 restanguli
2877 3111 3085 3189 simul
3116 3110 3217 3185 est
3257 3106 3420 3205 ejus
3451 3114 3788 3179 centrum
3836 3103 4273 3201 gravitatis3

960 3231 1038 3332 &
1075 3249 1296 3328 solida
1325 3246 1689 3322 rotatione
1717 3240 2304 3340 reecangulorum
2329 3246 2524 3324 circa
2555 3273 2737 3327 axes
2775 3272 3252 3353 quoscunque
3271 3303 3289 3335 ,
3323 3245 3452 3320 uni
3482 3267 3574 3317 ex
3613 3242 3970 3322 lateribus
4008 3268 4276 3321 eorum

955 3390 1374 3497 paralleloS,
1432 3384 1683 3482 genita
1733 3382 1896 3461 sunt
1952 3388 2031 3463 in
2080 3386 2363 3462 ratione
2408 3392 2802 3490 composita
2850 3419 2946 3469 ex
2992 3390 3399 3469 rationibus
3446 3385 3759 3485 ipsorum
3808 3385 4274 3482 retiangulo-

952 3558 1119 3616 rum
1157 3543 1380 3632 atque
1425 3525 2176 3605 circumferentiarum
2194 3581 2213 3614 ,
2264 3550 2450 3627 quas
2496 3554 2752 3609 earum
2789 3545 3041 3609 centra
3089 3528 3485 3630 gravitatis
3511 3525 3942 3602 describunt.

1146 3676 1314 3752 Sint
1358 3673 1731 3772 quotlibet·
1756 3669 1972 3745 restae
2017 3669 2096 3742 in
2140 3659 2403 3748 eodem
2443 3673 2662 3772 plano
2709 3673 3060 3774 positione
3105 3697 3197 3758 ac,
3242 3667 3759 3764 magnitudine
3812 3668 4039 3759 datae,
4088 3690 4263 3767 quae

946 3818 1158 3899 fimul
1198 3818 1387 3908 circa
1440 3823 1660 3892 axem
1707 3810 2109 3912 quemlibet
2153 3813 2646 3890 revolvantur.
2764 3817 2853 3893 In
2908 3814 3193 3915 punstis
3251 3808 3614 3890 testarum
3672 3809 3940 3887 harum
3992 3811 4265 3890 mediis

940 3935 1316 4060 fingantur
1370 3957 1612 4035 massae
1663 3947 1966 4051 fingulis
2010 3950 2223 4028 restis
2276 3956 2890 4052 proportionaleS,
2952 3956 3032 4035 &
3082 3965 3457 4055 quaeratur
3495 3961 3832 4029 centrum
3870 3952 4268 4050 gravitatis

942 4124 1331 4179 commune
1352 4100 1616 4176 harum
1648 4098 2056 4174 massarum.
2161 4097 2470 4174 Summa
2497 4097 3038 4200 superficierum
3071 4123 3114 4172 a
3151 4095 3364 4172 restis
3395 4095 3540 4171 illis
3574 4099 3937 4174 rotatione
3960 4096 4105 4173 hac
4125 4119 4266 4193 ge-

939 4246 1262 4323 nitarum
1290 4244 1595 4343 aequalis
1628 4239 2181 4338 estref'cangulo
2216 4239 2405 4318 fatto
2436 4264 2532 4317 ex
2566 4241 2847 4320 summa
2872 4243 3137 4318 harum
3163 4236 3561 4327 testarum,
3612 4238 3689 4316 ἀ
3737 4262 3834 4315 ex
3867 4238 4269 4316 circumfe-

935 4383 1172 4465 rentia
1191 4386 1281 4462 ab
1302 4386 1676 4462 communi
1710 4384 2095 4462 maflarum
2121 4383 2391 4460 harum
2423 4396 2677 4459 centro
2706 4382 3091 4480 gravitatis
3126 4382 3389 4459 eadem
3404 4380 3861 4459 revolutione
3891 4381 4256 4484 percursa.

1131 4527 1300 4605 Sint
1352 4526 1713 4626 quotlibet
1768 4526 2185 4623 restangula
2241 4524 2320 4600 in
2377 4524 2653 4600 eodem·
2687 4524 2906 4624 plano
2951 4524 3300 4627 positione
3354 4523 3436 4602 δε
3474 4525 3987 4622 magnitudine
4034 4525 4263 4621 data;

927 4669 1025 4747 fic
1092 4682 1181 4746 ut
1226 4667 1670 4764 fingulomm
1721 4667 1988 4744 horum
2040 4667 2629 4764 restangulorum
2682 4687 2915 4743 unum
2962 4667 3161 4743 latus
3214 4667 3303 4745 fit
3357 4667 3577 4745 restae
3629 4668 3850 4746 alicui
3898 4665 4268 4768 positione

923 4811 1121 4891 datae
1188 4809 1638 4914 parallelum.
1768 4807 2225 4908 Restangula
2274 4808 2444 4890 haec
2508 4805 2720 4898 sunul
2761 4810 3234 4893 revolvantur
3285 4807 3477 4888 circa
3532 4832 3756 4892 axem
3801 4809 4025 4888 restae
4068 4809 4261 4884 huic

4004 4946 4252 5050 Patal-
